3630 5660
772 579 993 630 PROOEMIUM.
1428 556 1448 629 5

316 710 460 804 signum
493 697 703 802 expectans,
734 705 965 800 impatientes
990 728 1095 776 morae
1119 727 1227 800 equos
1257 705 1449 799 impatiens

316 833 392 928 ipse
412 830 606 903 contineat.
939 815 951 832 ‘

319 1005 321 1010 ,
362 955 439 1026 Hoc
452 955 529 1025 ,fuit
544 951 755 1049 Byzantinos
772 951 857 1023 vitae
871 973 1042 1045 magnum
1057 949 1292 1023 diversorium
1301 975 1310 1041 ;
1328 950 1367 1022 in
1383 953 1450 1024 hoc

315 1077 494 1173 voluptati
512 1083 548 1147 et
566 1075 639 1165 iree,
663 1074 780 1146 favori
806 1081 841 1146 et
869 1074 962 1163 odio,
990 1073 1206 1145 circen-sibus
1230 1072 1326 1146 ludis
1345 1081 1381 1145 et
1400 1074 1449 1146 ci·
1514 1131 1522 1149 .

315 1201 381 1274 vili
399 1199 504 1288 bello,
524 1221 586 1292 per
605 1203 659 1268 tot
678 1197 807 1268 saecula
825 1197 1006 1268 Romanus
1024 1196 1177 1291 populus
1196 1195 1361 1268 indulsit.

319 1373 320 1376 =
361 1321 431 1396 Hic
449 1319 662 1392 Anastasius
683 1343 704 1390 a
725 1319 852 1391 rebelli
870 1318 1000 1414 populo
1021 1317 1192 1391 conviciis
1212 1324 1248 1390 et
1266 1319 1449 1413 lapidibus

313 1444 466 1540 petitus;
495 1443 553 1515 hic
580 1441 811 1516 Justinianus
835 1441 880 1512 de
905 1464 1043 1512 summa
1066 1463 1185 1512 rerum
1204 1440 1446 1535 periclitatus3

312 1568 370 1639 hic
404 1565 602 1639 Mauricius
614 1597 640 1653 ,·
663 1563 973 1658 appropinquante
1004 1563 1146 1653 Phoco,
1182 1563 1306 1658 populi
1332 1563 1449 1636 minas

312 1689 445 1780 audiit3
468 1689 526 1761 hic
544 1685 773 1760 Justinianus
793 1687 843 1776 II,
867 1685 1018 1778 jubente
1042 1687 1203 1776 Leontio,
1222 1709 1308 1759 naso
1330 1711 1450 1782 ampu-

310 1821 426 1902 tatus;
449 1811 507 1882 hic
526 1810 776 1882 Rhinotmetus
794 1810 871 1900 ille,
894 1810 1033 1882 meliori
1055 1833 1140 1880 usus
1160 1811 1318 1898 fortuna,
1342 1810 1447 1882 incli-

228 1993 244 2014 .
314 1945 479 2029 natorum
512 1944 548 2007 et
575 1959 768 2030 pronorum
797 1935 997 2007 interram
1031 1935 1172 2007 Leontii
1201 1941 1237 2006 et
1266 1933 1448 2029 Apsimari

313 2058 479 2148 cervicae,
503 2059 722 2129 acclamante
740 2058 885 2152 populo,
907 2057 1102 2151 purpureis.
1111 2057 1235 2151 caligis
1254 2058 1393 2129 terebat
1412 2063 1449 2127 et

312 2183 493 2268 calcabat;
516 2180 575 2252 hic
593 2180 749 2252 Micha'el
768 2179 999 2275 Calaphates,
1020 2180 1155 2251 violato
1175 2179 1215 2250 in
1234 2181 1338 2252 Zoem
1362 2178 1449 2250 filia·

311 2304 357 2376 lis
389 2303 629 2375 venerationis
656 2301 906 2395 jurejurando,
935 2301 1119 2397 populum,
1150 2300 1276 2373 erectis
1305 2301 1343 2372 in
1366 2301 1449 2372 Por·

313 2425 586 2522 phyrogenitam
605 2425 777 2497 feminam
797 2425 925 2497 studiis
943 2426 1134 2514 furentem,
1159 2424 1292 2519 alloqui
1312 2423 1448 2495 frustra

312 2555 473 2637 conatus,
496 2548 677 2642 lapidibus
696 2547 733 2618 in
753 2546 829 2642 ipso
850 2547 1061 2619 cathismate
1080 2556 1116 2619 et
1135 2546 1276 2641 sagittis
1299 2547 1445 2641 petitus,

313 2673 502 2767 imperium
522 2679 557 2743 et
577 2671 781 2744 libertatern
801 2680 837 2744 et
855 2672 972 2744 visum
993 2673 1117 2744 amisit
1137 2671 1186 2769 (1)
1197 2697 1207 2762 3
1229 2671 1288 2743 hio
1307 2671 1447 2744 Andro·
1514 2648 1516 2654 ¹

315 2796 416 2866 nicus
430 2793 643 2885 OomnenuS‚
664 2818 774 2866 manu
795 2803 994 2890 amputata,
1013 2795 1113 2866 oculo
1129 2795 1264 2884 effosso,
1280 2794 1448 2867 virilibus

315 2917 476 3006 exsectis,
518 2917 614 2988 omni
651 2917 814 2989 cruciatu
851 2925 887 2989 et
922 2917 1058 3011 injuria
1098 2918 1254 3007 affectus,
1290 2917 1448 2989 scabioso

315 3039 448 3113 camelo
488 3037 687 3133 impositus,
728 3061 821 3133 aqua
857 3038 997 3109 fervida
1028 3039 1220 3133 inspersus,
1263 3041 1307 3111 ad
1342 3038 1447 3112 finem

313 3161 463 3257 pedibus
483 3184 689 3262 suspensus,
707 3160 945 3234 miserabilem
967 3161 1124 3233 animam
1144 3161 1283 3234 efflavit
1307 3161 1318 3258 (
1341 3160 1370 3258 )
1499 3201 1504 3212 ·

354 3284 479 3358 Multa
497 3284 536 3355 in
555 3283 797 3379 Hippodromo
819 3284 987 3378 antiquas
1006 3285 1130 3378 populi
1153 3284 1192 3356 in
1217 3286 1447 3379 imperatores

315 3409 483 3482 victorias
508 3408 850 3497 commemorabant3
873 3407 988 3478 multa
1013 3407 1122 3478 etiam
1143 3417 1308 3480 cruentas
1327 3407 1364 3479 in
1385 3430 1447 3502 po-

315 3514 440 3626 pulum
463 3532 718 3626 imperatorum
744 3528 933 3600 vindicias.
967 3529 1025 3602 Ibi
1048 3530 1143 3602 enim
1169 3531 1301 3612 Notou,
1331 3530 1369 3602 id
1396 3539 1449 3603 est

288 3661 418 3748 porto
437 3653 612 3744 Libitina,
646 3653 849 3742 videbatur,
882 3675 989 3746 prope
1022 3675 1144 3747 quam,
1174 3660 1253 3748 post
1285 3653 1399 3725 victas
1421 3674 1448 3724 a

315 3776 487 3848 Belisario
515 3786 552 3848 et
569 3777 705 3849 Mundo
725 3776 910 3865 factiones,
933 3771 1085 3868 triginta
1100 3775 1258 3871 quinque
1272 3784 1336 3847 aut
1354 3798 1448 3870 qua-

316 3898 485 3992 draginta
516 3899 650 3974 millia,
670 3921 869 3993 corporum,
910 3898 1040 3992 quibus
1077 3899 1240 3995 legitima
1265 3905 1449 3999 sepultura

316 4022 450 4110 decrat,
474 4019 633 4114 deposita
652 4019 751 4092 fuere
776 4019 840 4116 (3).

222 4219 226 4228 ,
335 4182 339 4190 ,
363 4145 448 4233 Nec,
472 4166 552 4216 cum
571 4150 693 4214 sancto
712 4150 749 4216 et
766 4142 1059 4216 christianissimo
1079 4146 1279 4240 Byzantina
1294 4149 1447 4244 Imperio

325 4424 330 4434 ,
353 4385 389 4455 (1)
404 4385 520 4442 Cedren.
535 4386 568 4452 ll,
584 4385 645 4442 538.

351 4468 388 4537 (2)
398 4466 517 4538 Nicetes,
532 4487 559 4542 p.
577 4468 688 4526 lsi-58.

352 4554 389 4624 (3)
403 4556 493 4612 dnon.
509 4554 539 4610 in
553 4551 704 4622 Bandurio,
719 4566 752 4612 n·
770 4555 829 4611 117.
