3630 5660
413 525 434 571 2
692 497 738 571 nn
764 516 994 572 cmonusmus
1019 517 1264 571 rncuorusus.
1321 493 1323 502 '

407 643 631 741 imperatorii
654 643 867 718 cathrimotis
887 643 1079 739 imaginem
1098 643 1166 716 sibi
1187 643 1319 739 fingere
1338 643 1446 717 liceat
1464 668 1472 717 :
1493 653 1545 718 ta-

409 793 491 842 men
506 769 544 841 in
559 767 626 840 hoc
638 767 792 841 maxime
802 757 970 840 studium
990 776 1150 840 nostrum
1166 767 1329 863 requirit,
1350 769 1445 864 quod
1463 792 1543 841 cen-

407 900 486 966 tum
501 892 574 964 fere
587 915 699 964 annos
711 900 795 964 ante
809 890 1158 985 Constantinopolim
1175 890 1329 963 aTurcis
1341 890 1541 988 captam(r)

409 1014 590 1089 delineata
626 1015 748 1088 fuerit.
794 1015 849 1087 Ex
880 1037 951 1109 quo
995 1013 1184 1086 manifeste
1222 1022 1372 1108 apparet
1407 1014 1546 1110 Hippo-

410 1138 590 1227 dromum,
612 1136 812 1234 Byzantino
834 1135 986 1230 Imperio
1009 1136 1169 1207 nondum
1188 1135 1297 1208 etiam
1316 1160 1450 1226 everso,
1468 1134 1546 1228 jam

410 1260 627 1354 neglectum,
647 1257 725 1352 jam
744 1266 998 1353 contemptum,
1017 1256 1095 1351 jam
1118 1258 1306 1331 ruderibus
1325 1267 1546 1332 constratum

407 1381 530 1454 fuisse.
557 1381 692 1475 Magna
715 1381 801 1452 urbs
819 1381 897 1470 illa,
920 1404 1091 1475 supremae
1110 1381 1328 1454 calamitatis
1347 1382 1449 1476 quasi
1468 1381 1545 1476 jam

408 1505 577 1601 praescia,
628 1503 769 1598 antiqui
819 1503 953 1575 decoris
996 1511 1268 1577 monumentum
1310 1505 1403 1577 illud
1444 1529 1544 1600 spre-

410 1635 532 1718 verat,
563 1628 659 1700 ludis
684 1615 720 1699 et
747 1627 963 1700 circensibus
989 1627 1071 1699 vale
1101 1627 1262 1718 dixerat,
1292 1627 1545 1724 funereamque

412 1756 516 1852 quasi
534 1763 667 1827 vestem
687 1755 828 1845 induta,
846 1755 962 1827 cinere
980 1763 1017 1828 et
1030 1755 1219 1829 ruderibus
1234 1763 1373 1845 ornata,
1390 1779 1425 1828 se
1439 1753 1545 1827 morti

409 1879 579 1975 proximae
599 1877 904 1974 concinnaverat(
931 1877 960 1972 ).

457 2001 573 2073 Multo
601 2000 711 2073 etiam
733 1999 917 2089 tristiora,
950 2021 1034 2071 nxxr
1064 2023 1176 2073 annos
1204 2009 1284 2096 post
1311 2009 1453 2097 captam
1484 2024 1545 2073 ur-

410 2125 504 2215 bem,
527 2122 666 2220 Gyllius
686 2130 805 2195 noster
826 2122 875 2219 (3)
899 2122 937 2194 in
958 2123 1201 2217 Hippodromo
1216 2124 1321 2196 vidit.
1344 2126 1440 2198 Hinc
1463 2148 1547 2206 «aa

413 2273 431 2316 r
454 2244 530 2341 peri
548 2246 604 2317 illi
619 2254 820 2318 statuarum
834 2252 870 2317 et
888 2245 1003 2317 omnis
1017 2245 1249 2347 Vitruvianae
1269 2247 1356 2319 artis
1371 2249 1488 2320 hostes
1510 2275 1545 2339 n,

411 2370 533 2442 Turcaa
562 2369 709 2459 scilicet,
743 2395 760 2438 u
782 2369 936 2441 Hercule
954 2367 1031 2463 ipso
1056 2369 1250 2443 validiores
1271 2398 1288 2440 n
1300 2428 1311 2461 ,
1333 2372 1464 2467 quippe
1484 2372 1547 2466 qui

411 2493 608 2566 Herculeas
644 2500 782 2563 statuas
816 2498 1045 2582 everterent;
1077 2491 1180 2565 illinc
1213 2493 1348 2567 indocti
1379 2493 1542 2583 Graeculi,

407 2613 485 2708 jam
503 2615 649 2722 barbari
668 2614 832 2686 barbaris
852 2615 1060 2706 servientes
1079 2615 1237 2710 antiquae
1251 2615 1426 2710 majorum
1441 2616 1546 2688 histo-

412 2739 474 2810 riae
496 2737 617 2828 nescii,
642 2739 775 2833 quique
795 2736 899 2810 Gallo
918 2736 1068 2826 homini,
1089 2737 1132 2809 de
1148 2740 1313 2812 columna
1332 2739 1490 2812 Plataeea
1509 2747 1546 2810 et

413 2861 456 2934 de
484 2861 583 2933 aereis
611 2862 835 2956 serpentibus
854 2861 1092 2957 percontanti,
1117 2861 1210 2935 nihil
1235 2863 1304 2936 nisi
1330 2863 1487 2960 ineptias
1512 2851 1551 2936 et

414 2985 527 3058 aniles
554 2984 722 3056 historias
750 2985 953 3058 referebant
964 3010 975 3077 3
1003 2984 1089 3058 hinc
1125 2985 1267 3078 Veneti,
1302 2995 1345 3059 ut
1369 2987 1549 3060 Antonius
1660 3053 1662 3062 ,
1776 2965 1779 2972 ’

357 3177 359 3182 .
413 3107 476 3180 illc
509 3107 662 3198 Priolus,
692 3106 854 3200 jacentes
884 3108 1065 3195 obeliscos,
1096 3106 1142 3176 ad
1174 3108 1336 3178 ornanda
1354 3109 1547 3180 Adriaticae

414 3232 548 3326 reginae
579 3229 729 3323 templa,
761 3231 927 3300 emebant
975 3226 1047 3323 (4);
1088 3225 1202 3315 illinc,
1239 3227 1390 3320 opifices,
1429 3228 1548 3300 Turci-

415 3377 537 3426 corum
574 3351 734 3427 aedilium
778 3356 842 3421 aut
886 3348 1006 3443 potius
1056 3371 1260 3420 eversorum
1293 3346 1415 3440 jussu,
1456 3372 1548 3424 aerea

414 3476 519 3571 signa
539 3474 585 3545 ad
617 3472 808 3546 conflanda
841 3478 1020 3543 tormenta
1048 3471 1275 3561 auferebant,
1303 3468 1424 3556 ionica
1450 3470 1546 3566 capi-

451 3721 487 3790 (1)
510 3719 542 3776 ln
566 3735 601 3776 ea
617 3717 695 3774 enirn
718 3715 814 3774 tabula
838 3717 976 3788 scriptum
999 3715 1121 3787 legitur:
1144 3715 1256 3784 «Circi,
1278 3715 1340 3772 sive
1362 3715 1547 3790 Hippodromi

414 3802 732 3877 constantinopolitani,
744 3802 781 3858 ab
794 3802 965 3875 imperatore
976 3802 1082 3858 Caesarc
1095 3799 1189 3857 Flavio
1203 3801 1390 3860 Constantino
1403 3804 1546 3869 aedilicati

415 3889 566 3964 quidquid.
587 3891 745 3945 centesimo
764 3896 831 3944 ante
847 3904 925 3944 anno
947 3904 1032 3961 qnam
1050 3888 1181 3944 a'lurcis
1193 3888 1261 3945 urbs
1277 3898 1413 3962 occupata
1430 3897 1483 3956 est,
1497 3905 1546 3946 sn·

415 3983 536 4044 parerat.
551 3993 563 4023 ι
578 3971 611 4028 lit
625 3981 732 4036 tamen,
746 3970 877 4043 Gregorio
891 3970 950 4027 lllll
964 3970 1107 4044 pontifice,
1119 3970 1260 4030 delineata
1273 3972 1338 4030 luit.

348 4126 351 4132 Δ
451 4068 487 4137 (2)
506 4067 717 4136 Bondelmonti,
743 4067 792 4140 qui
814 4067 891 4124 eirca
910 4083 1020 4123 annum
1047 4067 1116 4123 itta
1141 4067 1419 4140 Constantinopolim
1436 4065 1545 4132 invisit,

414 4152 496 4206 liber
506 4152 673 4207 imularcm
686 4148 720 4206 ad
734 4149 951 4221 intelligendam
968 4150 1044 4207 hanc
1057 4149 1276 4207 delineationem
1292 4148 1483 4206 adhibendus.

450 4235 486 4305 (3)
503 4233 595 4292 Pierre
614 4235 699 4299 (illes,
720 4250 797 4292 anno
816 4235 895 4301 tlte,
917 4235 1198 4308 Constantinopolim
1217 4234 1341 4291 invisit:
1359 4232 1441 4305 cujus
1461 4235 1547 4304 Topo-

414 4324 535 4393 prcpbic
549 4324 579 4380 in
592 4321 727 4380 erdurii
744 4325 862 4395 Imperio
877 4319 1027 4392 Orientali,
1042 4333 1062 4383 t.
1078 4327 1111 4396 ll,
1126 4325 1211 4383 edita.

451 4407 486 4477 (l)
505 4408 543 4467 lis
562 4417 660 4484 empto
678 4409 715 4465 ab
734 4409 857 4467 Antonio
870 4409 974 4478 Priolo,
996 4411 1133 4469 Solimcni
1149 4408 1336 4483 temporibus,
1349 4407 1450 4465 Primae
1465 4408 1549 4466 Collis

416 4491 549 4568 obelisco,
563 4496 705 4554 videndus
719 4497 876 4570 Byzantios,
887 4500 1167 4568 Constantinoupolia
1181 4512 1210 4569 p.
1224 4495 1286 4552 237.
