3630 5660
704 522 820 575 onrur
846 524 897 572 111.
1320 509 1362 591 ζμ

239 649 370 746 quippe
396 650 459 744 qui
487 651 675 740 Zenonem,
697 658 744 722 ut.
770 649 833 744 qui
863 649 1027 743 partibus
1060 673 1182 722 eorum
1214 650 1368 741 faveret,

238 771 448 867 percharum
464 772 531 844 sibi
553 772 726 844 haberent
747 795 788 861 »3
813 771 1005 866 reducique
1027 773 1135 867 primi
1153 773 1311 847 omnium
1330 774 1368 846 in

239 893 379 968 Palatio
404 893 500 966 obvii
519 895 660 966 Prasini
681 896 921 967 acclamavere
945 894 956 990 (
983 893 1010 991 )

289 1017 500 1091 Anastasius
520 1026 639 1090 autem
657 1018 783 1090 horum
803 1026 839 1092 et
856 1018 1002 1091 illorum
1027 1018 1190 1114 exempla
1208 1018 1371 1114 repudia

240 1142 295 1216 vit
317 1167 325 1216 ς
351 1165 435 1214 nam
471 1165 584 1236 neque
616 1144 781 1232 Venetos,
818 1165 933 1237 neque
969 1141 1136 1216 Prasinos
1169 1142 1367 1238 amplexus,

240 1289 349 1338 unam
368 1289 387 1338 e
405 1264 601 1338 minoribus
632 1263 860 1355 factionibus,
888 1265 1058 1337 Russatos
1082 1264 1227 1356 scilicet,
1250 1288 1372 1340 secun·

240 1388 306 1462 dus
323 1388 480 1483 respexit
501 1386 568 1485 (a).

287 1511 490 1583 Periculosa
509 1509 604 1581 enim
623 1516 776 1604 utraque
795 1507 910 1602 major
928 1509 1049 1600 factio,
1080 1509 1218 1582 Veneta
1237 1508 1373 1582 scilicet

239 1659 338 1732 aeque
373 1658 414 1706 ac
458 1633 622 1724 Prasina,
664 1633 880 1724 videbatur3
927 1640 981 1704 tot
1011 1632 1213 1727 principum
1250 1633 1372 1706 farore

241 1765 366 1847 auctae,
388 1756 427 1827 in
447 1778 596 1850 magnas
621 1779 703 1850 opes
733 1777 971 1852 magnamque
995 1756 1193 1849 potentiam
1228 1764 1263 1828 et
1295 1775 1372 1829 ma-

240 1903 351 1974 gnum
382 1885 595 1950 sectatorum
633 1899 819 1948 numerum
855 1885 1099 1950 excreverant.
1136 1879 1371 1952 Periculosior

240 2010 361 2073 tamen
380 2000 532 2073 Prasina
554 2024 561 2072 :
584 2007 626 2071 ut
645 1999 703 2072 cui
721 2000 842 2094 plures
860 1999 1038 2094 principes
1067 2000 1254 2074 favissent.
1275 2002 1374 2074 Mau·

239 2124 319 2196 ricii
337 2131 494 2218 ternpore
513 2122 622 2216 duplo
641 2122 715 2193 fere
735 2121 952 2194 numerosior
970 2123 1122 2194 Prasina
1141 2122 1249 2196 factio
1267 2146 1375 2218 quam

240 2247 392 2320 Veneta.
415 2246 542 2340 Itaque
573 2223 738 2339 quamvis
760 2244 950 2317 Anastasio
980 2245 1089 2316 factio
1115 2253 1282 2340 utraque,
1308 2245 1377 2318 im-

176 2365 181 2384 ’
241 2349 380 2464 perium
421 2367 657 2462 inauguranti
692 2366 992 2462 imperatoriaque
1030 2367 1217 2461 chlamyde
1257 2391 1380 2442 recens

240 2490 381 2581 induto,
417 2513 489 2561 uno
522 2513 580 2561 ore
614 2490 854 2579 acclamasset,
886 2511 1037 2583 eumque
1067 2513 1210 2580 rursus,
1244 2491 1379 2565 abolito

241 2613 497 2710 Chrysargyro,
538 2614 721 2685 censuales
756 2613 866 2684 libros
896 2622 1178 2686 concremantem
1211 2613 1377 2686 unanimi
1434 2643 1440 2654 ¹

241 2738 371 2832 plausu
402 2736 597 2832 excepisset
622 2736 689 2834 (3),
716 2744 759 2808 ut
782 2735 936 2830 primum
959 2735 1121 2808 Russatis
1140 2735 1262 2809 favere
1279 2737 1378 2809 visus

242 2867 307 2948 est,
338 2860 490 2932 Prasina
522 2859 631 2930 factio
661 2858 775 2930 eidem
798 2857 945 2930 inimica
978 2859 1094 2931 subito
1127 2859 1254 2932 evasit.
1291 2855 1378 2931 Hae‘a

242 2981 338 3052 onim
366 2982 541 3075 praecipue
561 2987 685 3052 contra
704 3003 740 3052 se
759 2981 885 3075 ipsam,
907 2988 950 3052 ut
966 2982 1219 3076 potentiorem,
1236 2983 1373 3056 machi·

242 3111 368 3176 natum
403 3103 512 3177 fuisse
541 3102 739 3197 principem
776 3103 971 3193 arbitrata,
993 3102 1033 3175 in
1065 3102 1235 3196 majorem
1266 3129 1376 3201 quom

241 3229 381 3302 Veneta
399 3227 556 3298 furorem
575 3225 723 3298 exarsit.

293 3351 399 3424 Anno
419 3354 486 3446 491
510 3349 634 3444 igitur,
651 3347 793 3420 Prasini
812 3348 1066 3441 Imperatorem
1090 3347 1185 3422 inter
1204 3351 1377 3424 circensia

240 3481 414 3569 rogarunt
432 3480 486 3561 ut,
508 3471 584 3566 qui,
607 3472 650 3542 ob
671 3469 808 3565 lapides
825 3470 864 3542 in
884 3469 985 3542 Circo
1002 3468 1131 3562 jactoS,
1149 3475 1193 3545 ab
1214 3474 1375 3568 Eparcho

242 3596 484 3691 comprehensi
502 3595 659 3684 fuerant,
677 3593 833 3665 vinculis
852 3593 1090 3666 liberarentur
1099 3619 1110 3684 ;
1127 3596 1376 3691 repulsamque

241 3718 349 3814 passi,
371 3719 410 3790 in
426 3716 659 3790 Anastasium
684 3715 921 3788 insurrexere.
943 3716 1088 3789 Mavros
1107 3717 1265 3812 quidam,
1285 3719 1375 3791 Pra-

242 3842 341 3916 sinus
360 3839 518 3932 demotos,
540 3863 651 3935 usque
673 3839 717 3910 ad
736 3837 911 3910 cathisma
925 3862 1142 3934 progressus,
1160 3840 1315 3935 lapidem
1334 3841 1374 3913 in

241 3965 496 4060 Imperatorem
516 3960 617 4054 jecit,
649 3984 754 4057 quem
783 3941 874 4055 ae'gre
900 3960 962 4032 ille
989 3961 1197 4035 declinavit.
1228 3963 1373 4037 Mavros

277 4222 313 4291 (l)
331 4221 396 4279 Mal.
417 4237 446 4294 p.
466 4219 529 4278 379.
548 4251 583 4262 -
615 4222 778 4293 Anlboloqto
801 4237 902 4293 praec,
921 4221 1130 4296 Epigrammata
1147 4222 1191 4292 ll,
1210 4223 1255 4295 tt,
1276 4224 1319 4295 30,
1340 4223 1372 4281 in

242 4307 442 4379 Porphyrium.
453 4338 487 4348 —
502 4305 542 4363 tf.
557 4321 585 4378 p.
602 4305 646 4362 34.

278 4391 314 4461 (2)
328 4392 390 4448 hlal.
404 4409 432 4465 p.
448 4392 509 4449 393.

250 4485 253 4496 '
278 4476 313 4548 (3)
327 4477 446 4537 Codren.
459 4487 479 4534 t.
494 4478 515 4544 1,
530 4495 558 4556 p.
574 4478 635 4539 626.
