3630 5658
716 569 830 620 emur
858 569 905 617 vr.
1316 545 1381 618 1053

184 709 188 714 '
251 693 1325 791 sesirasdemulceret,saltatoremHelladiumpopulodedit(
1350 695 1378 790 ).

250 822 300 892 At
337 822 463 915 saepius
500 821 573 892 iras
618 821 813 893 irritabant
851 842 958 914 quarn
995 819 1212 914 mitigabant
1252 843 1259 890 :
1299 821 1383 893 Jus-

250 945 326 1016 tino
346 945 555 1039 imperante,
578 953 657 1039 post
676 945 880 1016 innumeros
897 941 1086 1033 tumultus,
1109 943 1295 1014 saltatores
1309 951 1383 1014 toto

253 1067 398 1140 Oriente
434 1067 573 1162 expulsi
612 1068 689 1164 (a)
727 1065 965 1138 Saltatoribus
995 1065 1033 1136 in
1062 1090 1202 1160 quaque
1230 1066 1385 1138 faotione

254 1199 423 1287 ὁὸρχηστὴς
442 1198 592 1284 praeerat
614 1189 680 1286 (3).
700 1191 754 1260 Ex
781 1189 901 1259 eodem
922 1188 1122 1260 Cassiodori
1140 1189 1215 1259 loco
1234 1197 1334 1292 patet
1351 1197 1386 1262 et

251 1315 488 1408 pantomimos
509 1337 529 1384 a
548 1314 703 1386 factione
723 1337 864 1407 quaque
889 1311 1079 1383 conductos
1104 1312 1225 1383 fuisse.
1252 1313 1305 1384 De
1324 1312 1387 1384 mi-

254 1435 318 1506 mis
342 1433 419 1527 jam
443 1459 551 1530 supra
579 1437 735 1507 diximus
764 1435 830 1530 ’(4).
862 1434 934 1506 Nec
963 1434 1111 1508 dubium
1136 1442 1188 1505 est
1215 1434 1387 1507 fractiones

255 1583 362 1652 quum
399 1560 626 1654 publicarum
663 1561 890 1652 voluptatum
924 1558 1170 1629 delectationis
1189 1567 1301 1629 totam
1325 1582 1386 1630 cu-

252 1705 330 1752 ram
362 1683 627 1777 assumpserint,
657 1691 693 1753 et
712 1680 927 1776 gladiatores
955 1689 991 1752 et
1022 1681 1192 1752 comoedos
1220 1681 1384 1753 aluisse:

255 1805 386 1896 quibus
404 1812 439 1875 et
457 1806 631 1878 comoedas
652 1805 780 1876 addere
801 1803 885 1874 licet
907 1827 914 1874 ε
941 1804 1140 1898 Augustam
1160 1805 1254 1876 enim
1274 1806 1387 1877 Theo·
1458 1889 1463 1899 .

258 1925 392 2013 doram,
415 1939 498 2020 quae'
513 1928 550 1998 in
570 1927 773 2023 Byzantina
793 1927 936 1997 theatro
956 1927 1117 1997 comendae
1136 1935 1268 2022 partes,
1288 1926 1390 2020 juve·

259 2045 392 2118 nilibus
413 2051 527 2140 annis
550 2052 670 2144 gessit,
689 2052 906 2122 Venetorum
928 2049 1092 2121 clientem
1108 2050 1216 2122 fuisse
1235 2059 1389 2123 testatur

258 2171 448 2265 Procopius
476 2173 543 2270 (5).

312 2292 435 2386 Neque
458 2295 583 2368 mirari
608 2291 745 2390 oportet
775 2303 829 2366 tot
853 2295 890 2366 in
921 2296 1120 2392 Byzantino
1149 2296 1390 2392 Hippodromo

261 2421 430 2495 officiales
448 2420 570 2508 fuisse,
592 2420 719 2512 quibus
739 2420 812 2492 fere
833 2420 973 2492 nullum
1000 2419 1153 2491 officium
1179 2419 1301 2509 fuerit,
1330 2427 1393 2491 aut

192 2599 195 2606 ·
259 2570 300 2617 ea
319 2567 396 2615 una
415 2567 502 2614 cura
531 2565 658 2613 urnam
685 2551 747 2614 aut
766 2543 938 2639 inspicere,
963 2551 1025 2614 ant
1048 2543 1196 2639 sz'pnorr,
1221 2551 1284 2615 aut
1309 2543 1392 2616 resi-

257 2653 376 2764 puere.
399 2667 487 2738 Haec
507 2665 601 2735 enim
621 2665 741 2737 onmia
760 2665 876 2736 officia
904 2665 1047 2738 venalia
1077 2673 1192 2754 erant,
1223 2666 1345 2760 magni
1375 2690 1396 2736 a

260 2792 396 2863 civibus
415 2790 636 2877 emebantur,
655 2796 691 2860 et
710 2791 875 2882 quamvis
892 2790 1058 2893 minimas
1085 2789 1341 2862 consuetudines
1359 2797 1395 2860 et

259 2937 385 3008 parum
403 2912 559 3006 pecuniae
577 2911 767 3006 possessori
785 2913 986 3001 redderent,
1005 2913 1099 2983 hanc
1114 2913 1169 2982 illi
1191 2935 1393 3006 supremam
1412 2927 1415 2936 ⁴

259 3037 447 3132 gloriolam
461 3035 608 3123 dabant,
633 3035 747 3108 Sacrae
771 3036 989 3107 Hierarchim
1016 3043 1155 3130 partem
1181 3035 1389 3131 quamdam,

257 3160 424 3256 (puamvis
441 3159 609 3246 infimam,
633 3158 770 3242 haberi.
794 3161 867 3232 Neo
885 3160 923 3229 in
944 3159 1144 3255 Byzantino
1165 3168 1307 3231 tantum
1327 3160 1394 3231 im-

254 3287 352 3381 perio
382 3306 389 3354 :
419 3284 458 3353 in
490 3283 639 3376 antiqua
667 3284 777 3355 etiam
808 3284 1025 3355 Francorum
1052 3285 1272 3373 monarchia,
1303 3286 1396 3356 talia

167 3499 173 3516 Ι
257 3409 397 3479 edidere
418 3405 621 3498 spectacula
641 3405 727 3475 vani
752 3405 937 3477 hominum
957 3405 1081 3476 animi.
1104 3406 1229 3496 Nescio
1258 3430 1303 3476 an
1322 3407 1394 3502 By-

258 3530 394 3601 zantini
421 3527 589 3625 Oslicz'oles
619 3527 786 3607 calestra,
823 3527 1009 3614 Themetra,
1037 3527 1231 3614 Semerotoe,
1265 3529 1397 3602 Diore-

260 3652 399 3738 rner'otre,
426 3650 623 3731 Mom'lore'z',
653 3651 854 3736 Neonz'seoS,
871 3653 985 3746 magis
1000 3653 1111 3723 risum
1130 3660 1305 3738 moveant,
1318 3676 1393 3724 me-

240 3782 381 3854 rentur
407 3799 515 3874 quam
542 3775 687 3850 Gallicae
709 3777 890 3871 quondam
910 3775 1131 3848 Hierarchiae
1157 3773 1327 3847 Hostenrs
1354 3773 1395 3846 de

256 3908 324 3990 rdt,
349 3903 526 4003 Goloprim,
552 3901 754 3976 Conser'llers
773 3899 819 3972 da
838 3899 911 3972 Boi
927 3897 1090 3972 vendeure
1114 3896 1155 3969 de
1169 3897 1296 3995 sopora,
1319 3907 1387 3971 etc.

292 4097 327 4165 (l)
342 4095 465 4152 Cassiod.
486 4095 549 4150 Var.
563 4093 586 4157 l,
598 4093 642 4150 3‘2.

225 4215 232 4226 -
294 4190 333 4254 (2)
347 4178 472 4240 Malalas.
490 4194 519 4250 p.
536 4177 596 4234 417.

297 4264 332 4331 (3)
347 4260 474 4332 ὀρχηστὴς
489 4267 538 4313 τῶν
552 4258 687 4333 spaciosa,
704 4259 781 4316 Proc.
795 4261 897 4316 Aneod.
913 4275 937 4316 c.
954 4261 981 4315 l.

292 4348 329 4413 (l)
344 4345 385 4401 tf.
404 4362 468 4417 pag,
482 4344 509 4400 9.
1351 4373 1352 4380 1

292 4433 326 4499 (5)
341 4431 456 4502 Procop.
472 4433 572 4500 Paaop.
589 4432 686 4488 Anost.
702 4447 726 4486 c.
746 4428 833 4496 15-46,
850 4445 879 4501 p.
896 4428 1021 4486 aco-507.
1037 4460 1070 4471 —
1084 4428 1121 4485 lle
1136 4425 1278 4482 mimabus
1292 4424 1391 4481 Antio·

255 4515 422 4579 chensibns,
438 4530 561 4586 quarum
575 4529 662 4569 unam
676 4512 794 4570 Nonnus
810 4512 969 4585 episcopus,
984 4512 1103 4568 nomine
1116 4510 1266 4587 Pelagium,
1282 4524 1308 4566 a.
1328 4507 1380 4567 435

252 4598 446 4678 poenitentem
458 4598 514 4656 Deo
528 4606 683 4660 consecrat.
700 4597 827 4678 Theoph.
841 4614 870 4680 p.
888 4597 946 4655 141.
