3630 5660
438 481 484 554 26
718 502 764 550 ua
791 499 1019 552 oracuusmus
1046 500 1290 552 racmoumus,

435 628 546 717 tibus,
569 651 686 700 coram
699 627 829 722 populo
850 632 957 721 atque
974 626 1199 722 imperatore,
1218 634 1416 722 auguratus
1434 628 1565 721 fuerat,

437 750 649 848 prohpudor
663 749 705 840 si,
728 772 788 844 spe
800 748 1047 840 defraudatus,
1068 749 1181 822 victos
1199 750 1365 822 Prasinos
1383 752 1566 825 sensisset!

440 874 531 948 Suus
552 872 690 967 auriga,
706 895 791 943 suus
810 872 916 961 color,
934 896 998 945 sua
1010 897 1106 968 pars,
1120 873 1284 946 omnibus
1304 881 1383 945 erat
1398 875 1567 946 ludibrio.

428 973 628 1069 ‘Prasinam
653 995 756 1067 illam
786 1002 942 1084 vestem,
968 996 1175 1091 imperatori
1204 996 1273 1091 ipsi
1304 998 1569 1090 venerabilem,

438 1118 540 1214 pueri
555 1119 665 1190 etiam
686 1141 727 1190 ac
740 1117 847 1208 servi,
865 1141 928 1212 per
940 1119 1080 1213 plateas
1099 1126 1135 1191 et
1153 1119 1319 1214 compita,
1345 1119 1569 1194 deridebant.

441 1243 503 1316 Sin
525 1249 644 1314 autem
657 1241 829 1314 Prasinus
850 1242 976 1336 auriga
990 1242 1167 1315 Venatum
1190 1250 1401 1337 superasset,
1424 1246 1574 1339 superbe

439 1365 599 1461 plebeius
618 1373 736 1438 noster
754 1389 817 1459 per
835 1365 1119 1460 Hippodromum
1144 1374 1180 1438 et
1202 1390 1265 1460 per
1293 1367 1426 1439 Urbem
1455 1367 1576 1439 victri-

440 1488 636 1561 camillam
655 1497 790 1561 vestem
817 1487 1170 1584 triumphantemque
1188 1488 1357 1579 colorem,
1380 1498 1422 1561 ut
1441 1488 1575 1562 Camil·

440 1611 498 1682 lus
519 1618 556 1682 et
573 1611 708 1682 Paulus
728 1610 895 1684 AEmilius
916 1611 1018 1700 alter,
1040 1612 1268 1683 traducebat.
1289 1612 1363 1683 Nec
1381 1613 1471 1684 bene
1491 1635 1575 1705 gau·

441 1732 524 1806 dere
540 1732 608 1805 sibi
628 1733 833 1822 videbatur,
857 1732 926 1804 nisi
941 1733 1047 1804 victis
1065 1739 1101 1804 et
1116 1732 1190 1827 ipse
1204 1731 1408 1804 insultaret.

491 1854 593 1927 Adde
612 1854 706 1948 quod
730 1877 803 1925 non
822 1852 925 1925 homo
944 1877 1051 1943 unus,
1074 1853 1142 1925 hac
1163 1878 1236 1949 spe,
1258 1855 1325 1926 hoc
1349 1855 1488 1946 timore,
1511 1856 1577 1928 hoo

443 1977 578 2068 dolore,
600 1977 667 2047 hoc
685 1975 880 2070 triumpho,
907 1976 968 2048 sed
987 1976 1156 2049 dimidius
1175 1977 1248 2049 fere
1264 1979 1417 2073 populus
1435 1979 1576 2074 Byzan-

441 2101 553 2189 tinus,
576 2099 691 2170 multa
709 2098 894 2170 homiuum
918 2099 1045 2187 millia,
1075 2099 1196 2170 eodem
1218 2107 1374 2194 tempore
1395 2100 1579 2194 agitaban-

443 2233 515 2296 tur.
554 2223 597 2294 Iu
630 2223 757 2294 iisdem
788 2223 958 2318 gradibus
996 2223 1168 2312 sedentes
1210 2223 1331 2296 eodem
1365 2224 1578 2296 vestimento

443 2347 576 2437 induti,
595 2346 716 2417 eodem
728 2355 832 2418 oestro
843 2347 1026 2436 concitati,
1049 2371 1154 2419 suum
1173 2347 1241 2418 sibi
1260 2347 1409 2443 quisque
1424 2347 1580 2420 dolorem

446 2478 509 2542 aut
526 2470 690 2542 timorem
704 2477 759 2541 tot
773 2470 958 2542 hominum
976 2470 1175 2542 dolentium
1197 2479 1260 2543 aut
1277 2471 1482 2544 timentium
1501 2496 1583 2544 con-

444 2594 589 2688 tagione
608 2595 858 2665 exacerbabat.
890 2593 992 2678 Quod
1018 2595 1057 2665 in
1088 2618 1160 2665 uno
1180 2594 1324 2666 homine
1343 2619 1420 2689 spes
1439 2595 1578 2685 fuisset,

445 2718 484 2789 in
503 2717 626 2789 multis
644 2717 807 2811 improba
827 2716 1005 2811 cupiditas
1031 2725 1109 2788 erat
1121 2741 1131 2806 ;
1166 2717 1261 2812 quod
1292 2718 1331 2789 in
1364 2741 1436 2789 uno
1464 2719 1578 2806 dolor,

445 2842 483 2913 iu
503 2840 626 2912 multis
646 2839 844 2934 desperatio
854 2864 864 2929 ;
882 2840 976 2934 quod
988 2839 1028 2911 in
1045 2863 1117 2912 uno
1132 2841 1200 2930 ira,
1217 2841 1257 2912 in
1268 2841 1392 2912 multis
1408 2841 1578 2912 amentia.

448 2965 551 3038 Unus
566 2986 727 3034 murmur
745 2962 926 3052 edidisset,
954 2970 992 3034 at
1020 2963 1173 3058 populus
1201 2963 1369 3036 insanum
1393 2963 1582 3035 clamorem

449 3088 590 3161 edebat.

498 3211 576 3282 Hoc
589 3210 698 3281 etiam
712 3209 848 3280 animos
864 3208 979 3279 acrius
990 3209 1160 3280 irritabat
1171 3182 1265 3304 quod
1275 3209 1314 3280 in
1330 3210 1487 3282 adversis
1498 3233 1582 3305 gra-

450 3332 567 3421 dibus,
589 3330 800 3402 timentibus
818 3337 1013 3424 sperantes,
1035 3330 1199 3403 tristibus
1217 3331 1362 3420 hilares,
1385 3330 1581 3427 desperatis

451 3453 657 3540 insolentes
674 3451 779 3522 victis
793 3451 956 3541 victorae,
975 3453 1281 3527 stomachantibus
1295 3455 1588 3544 insultantes-ex

453 3575 612 3670 opposito
632 3573 814 3646 sedebant.
835 3573 915 3647 Sese
927 3574 1100 3666 invicem,
1117 3574 1202 3647 hinc
1219 3575 1333 3666 illino,
1353 3601 1415 3672 per
1433 3578 1588 3649 medium

453 3697 751 3793 Hippodromum,
766 3698 885 3786 vultu,
908 3705 1024 3791 gestu,
1046 3677 1169 3786 manu,
1187 3721 1284 3789 voce,
1302 3701 1438 3772 salibus
1457 3708 1494 3772 et
1512 3724 1590 3772 con-

455 3823 570 3910 viciis,
592 3822 744 3893 clamore
762 3829 798 3892 et
817 3822 996 3911 cantibus,
1014 3824 1268 3916 provocabant.
1293 3821 1400 3913 Quid,
1418 3824 1448 3896 si
1462 3847 1590 3918 anceps

456 3945 608 4017 victoria
614 4000 624 4033 ,
660 3945 836 4016 incertum
865 3927 1061 4039 praemium,
1103 3953 1255 4040 utroque
1297 3947 1423 4042 auriga
1460 3955 1590 4019 metam

457 4069 579 4144 eodem
593 4076 749 4163 tempore
761 4076 931 4157 assecuto,
955 4071 1019 4140 sub
1039 4068 1104 4139 lite
1123 4070 1336 4162 poneretur?
1355 4071 1455 4141 Tunc
1474 4092 1593 4142 omnes

457 4195 496 4267 in
519 4193 592 4266 suis
611 4192 781 4265 sedilibus
800 4192 920 4281 erecti,
942 4191 1053 4263 iratos
1071 4190 1196 4263 vultus
1215 4192 1283 4263 sibi
1302 4193 1457 4264 invicem
1474 4193 1594 4264 inten-

457 4319 594 4407 dentes,
629 4316 864 4410 ingentesque
900 4314 983 4384 illas
1030 4312 1202 4402 manicas,
1239 4314 1282 4385 de
1314 4315 1443 4408 quibus
1479 4314 1593 4387 multa

459 4441 668 4540 Procopius,
713 4437 908 4534 agitantes
942 4436 1043 4509 modo
1075 4425 1145 4510 non
1185 4461 1311 4512 manus
1344 4441 1589 4512 conserebant.
