3630 5658
707 531 821 583 eninr
848 533 896 581 rr.
1319 508 1366 603 (ip

233 659 392 732 civitatis
405 657 591 747 invasisse,
614 680 814 752 magnoque
833 657 976 726 illorum
998 679 1145 728 numero
1163 657 1343 728 trueidatu
1353 711 1363 744 ,

232 782 431 856 christiana
446 780 580 875 templa
599 779 799 852 incendisse
819 779 830 874 (
861 778 886 874 ).

283 1032 327 1102 V.
362 1073 411 1084 —
440 1029 615 1124 Denique‘
636 1028 665 1101 si
700 1052 825 1100 verum
857 1036 946 1100 esset
975 1027 1161 1120 factiones,
1199 1029 1364 1100 simulato

232 1155 388 1227 colorum
435 1153 580 1225 dissidio
587 1210 597 1243 ,
640 1151 807 1246 religiosa
848 1152 1045 1222 certamina
1082 1151 1251 1244 agitasse,
1295 1177 1364 1247 que

230 1287 348 1375 paeto,
382 1279 503 1350 eodem
521 1286 678 1372 tempore
705 1301 774 1371 quo
805 1277 1005 1348 Romanum
1024 1276 1212 1370 imperium
1227 1275 1364 1347 violen-

229 1402 303 1474 tius
321 1401 496 1496 religiosis
515 1401 731 1473 tumultibus
751 1401 961 1472 convulsum
976 1401 1163 1489 aestuabat,
1180 1399 1365 1471 Venetiae

228 1525 370 1599 Prasini
388 1526 432 1598 de
452 1526 566 1598 medio
587 1526 709 1598 statim
729 1525 955 1615 evanuerint,
976 1525 1100 1596 mirari
1120 1525 1253 1595 liceret.

277 1649 371 1722 Nam
410 1671 523 1742 neque
556 1649 595 1720 in
630 1649 907 1719 orthodoxorum
942 1654 978 1718 et
1021 1646 1359 1734 Menothelitarum,

229 1771 395 1844 Heraclio
425 1773 637 1866 imperante,
667 1771 837 1859 dissidi03
862 1794 974 1864 neque
1000 1770 1094 1842 inter
1124 1771 1362 1842 ieonoclastiae

231 1901 337 1988 atque
356 1895 576 1966 ieonolatriae
589 1896 738 1984 furores,
756 1893 891 1966 Isauris
903 1893 1137 1987 Armenisque
1151 1901 1187 1964 et
1196 1893 1363 1988 Phrygiis

227 2016 512 2111 imperatoribus
542 2017 679 2112 aliquid
705 2017 816 2110 egisse
844 2016 973 2087 Veneti
994 2024 1058 2086 aut
1085 2015 1227 2086 Prasini
1260 2040 1359 2110 repe-

122 2185 131 2192 .
228 2140 385 2211 riuntur.
417 2140 524 2235 Apud
544 2139 798 2234 copiosissimos
830 2139 873 2210 de
904 2138 1222 2209 Munothelitarum
1255 2146 1362 2230 atque

229 2265 528 2337 ieonoclastarum
562 2267 668 2336 rebus
699 2265 898 2359 scriptores
934 2261 1221 2334 defectionibus
1254 2261 1362 2356 plane

229 2385 365 2458 siletur.

261 2656 299 2726 (1)
315 2655 379 2712 Mal.
398 2670 425 2726 p.
443 2655 503 2712 487.
518 2687 552 2698 -
565 2656 642 2711 Mire.
659 2656 724 2710 hist.
739 2670 764 2709 a.
780 2654 859 2712 6048.
879 2687 907 2695 -
919 2654 1047 2727 Theoph.
1063 2672 1089 2712 a.
1105 2656 1184 2725 6048,
1200 2671 1229 2728 p.
1246 2655 1305 2712 356.
1325 2687 1355 2697 -

227 2739 345 2798 Gedren.
361 2739 391 2796 in
406 2740 475 2796 Just.
495 2756 520 2796 a.
536 2740 580 2798 29.
