3630 5658
482 503 527 572 80
764 524 811 573 oa
841 520 1072 573 cracnusraus
1099 519 1342 571 rncnosnsus.

530 652 566 721 8ο
586 651 636 724 Ut
656 650 778 724 caeteri
798 647 945 743 Imperii
965 648 1144 737 officiales,
1162 648 1215 719 ita
1233 655 1269 719 et
1288 645 1465 746 demarchi
1480 654 1516 718 et
1533 645 1609 718 deu-

481 786 671 846 recreantes
679 777 722 845 ab
730 770 1283 867 Imperatoreeligebantur.Nec
1291 769 1333 841 de
1343 769 1612 864 antiquopopuli

476 893 571 988 jure,
593 896 632 966 in
652 897 725 968 suis
744 894 919 990 eligendis
938 892 1127 966 demarchis
1146 917 1232 964 cura
1249 892 1462 964 habebatur.
1489 890 1607 963 «Des-

474 1031 573 1114 potes
594 1027 753 1107 noster»,
781 1018 901 1089 aiebat
920 1016 1139 1110 Praepositus
1166 1016 1265 1089 Sacri
1283 1009 1416 1087 Palatii
1437 1013 1481 1085 ad
1499 1037 1607 1109 popu·

479 1140 567 1230 lum,
593 1167 611 1210 c
631 1141 726 1212 hunc
747 1149 810 1212 aut
828 1140 933 1212 illum
949 1163 1012 1233 pro
1032 1139 1229 1212 Demarcho
1250 1137 1366 1232 excipi
1378 1135 1484 1228 jubet
1504 1135 1553 1233 (1)
1578 1162 1609 1206 n.

529 1270 566 1358 9⁰
594 1262 738 1334 Nemini
774 1262 906 1334 licebat
940 1262 1052 1334 aelam
1080 1259 1292 1357 suspendere,
1329 1259 1367 1332 id
1395 1266 1449 1332 est
1467 1258 1610 1354 propin-

481 1408 632 1481 quorum
673 1384 840 1456 ludorum
870 1385 1014 1480 signum
1042 1385 1222 1475 exhibere,
1259 1383 1330 1456 nisi
1362 1409 1383 1455 a
1419 1382 1608 1472 tesserarcb,

481 1507 698 1602 Imperatore
713 1505 876 1600 jubente,
892 1507 1034 1600 jussum
1048 1507 1169 1580 fuerat
1192 1508 1203 1604 (
1227 1506 1256 1604 l.
1329 1571 1336 1581 ,

535 1637 592 1700 10⁰
624 1629 768 1703 Nemini
802 1631 935 1702 licebat
970 1654 1142 1726 equorum
1176 1639 1213 1721 et
1244 1653 1413 1702 curruum
1445 1627 1614 1702 combinat

480 1753 681 1844 instituere,
701 1752 797 1848 quod
820 1777 923 1847 saepe,
946 1777 1057 1847 quum
1078 1755 1121 1824 ab
1151 1753 1300 1824 adversa
1323 1760 1425 1847 parte
1444 1753 1613 1824 reclama-

481 1883 593 1963 retur,
615 1876 747 1952 multos
765 1875 943 1946 tumultus
962 1875 1196 1964 excitaverat,
1220 1875 1257 1945 ni
1277 1882 1467 1968 praesentes
1488 1874 1616 1946 adfuis

482 2006 572 2088 sent,
606 2022 627 2068 a
658 1997 769 2070 latere
805 1998 991 2092 Praepositi
1025 1999 1124 2070 Sacri
1155 1999 1290 2069 Palatii
1323 1997 1565 2077 silentiosae:
1596 2021 1615 2068 a

481 2121 593 2194 latere
612 2122 783 2202 Actacrc'z]
806 2121 1021 2201 Mandalos:
1042 2121 1241 2215 imperialis
1260 2120 1413 2215 denique
1431 2120 1614 2194 Cambrac-

424 2295 430 2312 .
477 2245 643 2342 prophet,
672 2245 862 2338 utriusque
889 2244 1057 2317 factionis
1084 2243 1392 2340 Combc'aopraplrc's
1410 2244 1611 2338 adjunctus.

535 2376 592 2439 11⁰
621 2369 819 2461 Imperator
847 2369 978 2462 populo
999 2392 1061 2439 suo
1090 2391 1276 2462 nunquam
1296 2392 1332 2439 se
1358 2367 1611 2440 committebat.

483 2490 602 2576 Quum
615 2491 725 2562 etiam
737 2491 775 2563 in
791 2477 1026 2585 Hippodromi
1038 2491 1223 2564 Gathisma
1237 2492 1461 2585 procedebat,
1480 2491 1614 2587 palatio
1642 2503 1646 2509 ’

483 2637 545 2685 suo
577 2621 697 2685 tamen
724 2613 802 2685 ideo
830 2637 902 2684 non
928 2613 1063 2684 exibat.
1097 2615 1191 2686 Nam
1223 2614 1345 2686 eodem
1375 2615 1615 2686 munitionum

483 2735 636 2808 circuitu
661 2742 697 2806 et
717 2735 867 2808 Sacrum
885 2735 1080 2825 Palatium,
1103 2744 1138 2806 et
1168 2736 1291 2808 Sancti
1323 2736 1497 2831 Stephani
1529 2744 1615 2808 tem-

482 2858 594 2953 plum,
615 2858 711 2929 unde
730 2857 895 2952 Augusta
921 2857 1024 2929 ludos
1057 2860 1252 2953 spectabat,
1284 2868 1320 2932 et
1352 2860 1550 2951 Cathisma,
1579 2859 1616 2931 in

485 3005 553 3076 quo
593 3004 698 3051 suum
734 2979 932 3052 triclinium
970 2988 1006 3052 et
1037 3005 1139 3052 suum
1175 2982 1379 3053 cubiculum
1421 2985 1617 3078 Imperator

486 3104 653 3194 habebat,
688 3103 940 3198 cingebantur,
970 3112 1136 3197 totusque
1163 3104 1332 3176 circuitus
1359 3105 1426 3177 iste
1458 3107 1618 3178 turribus

484 3227 664 3297 horrebat.
696 3227 824 3320 ltaque
848 3248 959 3318 quum
977 3222 1176 3318 Imperator
1196 3250 1217 3296 a
1243 3204 1539 3323 Chrysotriclinio
1559 3235 1619 3300 aut

484 3345 650 3444 Daphnes
684 3346 875 3443 Octanpalo
914 3345 1101 3437 Cabz'calo,
1142 3371 1205 3442 per
1243 3348 1383 3422 Palatii
1411 3351 1617 3448 Peripalwa

483 3473 616 3565 perque
643 3470 767 3543 Sancti
794 3469 967 3565 Stephani
986 3471 1168 3544 ecclesiam
1187 3472 1226 3544 in
1246 3471 1441 3565 Cathisma,
1464 3477 1618 3548 cochlea·

484 3593 583 3666 ribus
603 3594 721 3685 scalis
744 3594 1179 3690 ascendebat„nunquam
1197 3595 1366 3682 moenium
1393 3621 1433 3669 ac
1452 3599 1618 3671 munitio-

484 3741 570 3789 num
589 3716 766 3789 tutamine
783 3705 989 3790 excedebat.
1007 3718 1190 3791 Palatium
1204 3743 1267 3814 pro
1283 3728 1411 3812 castr0,
1434 3721 1617 3794 Cathisma

484 3863 547 3935 pro
568 3841 725 3931 castello,
757 3848 840 3912 ante
862 3849 1023 3913 castrum
1042 3842 1170 3936 posito,
1194 3850 1283 3914 erat.
1312 3841 1513 3916 Orientalia
1533 3843 1618 3937 Hip-

486 3961 647 4057 podromi
657 3963 973 4054 lateraPalatium,
985 3964 1279 4059 septentrionalia
1288 3965 1404 4038 latera
1419 3966 1614 4054 Gathisma,

487 4094 530 4157 ut
548 4087 698 4159 vallatio
718 4087 880 4183 quaedam
901 4089 1183 4183 amplectebatur
1206 4112 1213 4161 :
1236 4096 1428 4185 utrumque
1452 4088 1617 4185 populari

522 4368 559 4440 (1)
575 4371 685 4428 daria.
700 4368 721 4439 l,
737 4369 827 4438 55-56,
841 4387 869 4443 p.
881 4369 1009 4429 css-272.

521 4456 557 4525 (c)
571 4457 643 4512 Ibid.
658 4455 691 4527 ll,
708 4455 741 4511 55
751 4473 758 4523 ;
772 4455 794 4525 l,
809 4455 853 4526 69,
868 4473 898 4528 p.
913 4455 974 4514 310.
