3630 5660
454 506 502 589 44
738 522 785 570 nn
812 517 1040 571 cincunsmus
1065 516 1310 570 rnerronreus.

501 647 644 722 Justino
664 645 793 719 Thraci
812 642 1001 739 imperium
1022 641 1205 736 affectanti
1224 642 1416 738 plurimam
1446 665 1589 737 operam

451 772 581 846 Veneti
596 769 841 842 contulerunt.
859 767 952 840 Nam
967 765 1078 837 alium
1090 765 1340 859 imperatorem
1360 789 1465 860 super
1488 772 1586 836 scuto

390 971 396 982 ,
453 895 659 968 attollentes
673 890 919 966 'Excubitores
944 888 1165 983 lapidibus«
1188 887 1378 963 Caerulei»
1404 888 1588 961 disturba-

455 1015 622 1112 verunt(
651 1015 677 1112 ).
1250 1016 1256 1024 ’

505 1140 573 1214 Sed
591 1137 692 1212 brevi
711 1138 807 1210 inter
825 1138 977 1210 Venetos
1003 1143 1039 1208 et
1068 1137 1284 1210 Venetorum
1317 1157 1452 1228 novum
1483 1133 1590 1210 illum

455 1265 621 1338 clientem
658 1269 737 1334 orta
767 1260 929 1333 dissidia.
958 1261 1155 1333 Faveretne
1183 1261 1362 1350 lustinus,
1397 1267 1592 1333 antecesso-

453 1406 535 1460 rum
554 1385 728 1479 exemp10,
750 1382 933 1456 Prasinis?
964 1406 1023 1472 an,
1057 1383 1161 1455 homo
1195 1382 1362 1473 rusticus,
1397 1383 1436 1455 in
1465 1382 1591 1455 castris

456 1507 672 1605 Imperiique
690 1505 867 1578 limitibus
885 1506 1068 1594 educatus,
1092 1506 1238 1578 delicias
1256 1507 1339 1578 illas
1362 1509 1522 1595 urbanas
1550 1529 1592 1579 ac

456 1631 602 1704 miseras
620 1629 818 1702 factionum
837 1651 953 1718 curas,
976 1635 1013 1699 et
1029 1629 1203 1700 Venetam
1222 1652 1321 1724 aeque
1342 1653 1382 1702 ac
1400 1629 1589 1702 Prasinam

457 1754 650 1827 factionem
669 1753 873 1848 ignoraret?
889 1752 1076 1856 nescimus
1095 1751 1198 1824 Certe
1212 1753 1365 1826 Venetos
1378 1762 1414 1825 et
1422 1753 1590 1850 Byzantii

457 1884 494 1949 et
511 1874 724 1964 Antiochia,
747 1882 783 1946 et
808 1874 1050 1962 Alexandria,
1073 1874 1165 1946 etin
1185 1874 1349 1982 omnibus
1367 1875 1441 1948 fere
1460 1876 1588 1948 civita-

457 1999 555 2071 tibus
587 1999 862 2088 tumultuantes,
901 1997 1068 2069 acerrime
1107 1997 1273 2092 repressit
1308 1997 1375 2095 (2),
1411 1999 1592 2092 publicam

457 2144 582 2217 pacem
601 2119 765 2192 omnibus
783 2120 916 2216 aurigis
938 2144 979 2192 ac
1003 2119 1180 2191 coloribus
1207 2119 1444 2215 antiquiorem
1467 2145 1503 2193 se
1527 2120 1592 2193 ha-

458 2246 542 2317 bere
561 2251 727 2317 testatus.

382 2451 383 2454 Ἴ
508 2367 650 2457 Omnes,
674 2367 718 2439 de
744 2367 874 2462 quibus
897 2389 1017 2460 supra,
1046 2365 1289 2460 imperatorne,
1320 2367 1476 2462 exceptis
1490 2365 1596 2454 ¹Mar.-

459 2492 561 2564 ciano
583 2499 689 2585 atque
708 2490 913 2580 Anastasio,
936 2490 1057 2561 forsan
1077 2497 1113 2560 et
1130 2487 1287 2580 lustino,
1309 2490 1347 2560 in
1363 2489 1593 2561 Prasinorum

459 2621 580 2708 partes
615 2613 894 2708 inclinaverant.
934 2612 1162 2706 Principibus
1194 2611 1269 2682 haec
1302 2611 1411 2683 factio
1448 2611 1594 2683 sinistra

461 2734 624 2824 sedebat,
656 2735 773 2829 potior
803 2735 1018 2826 habebatur.

508 2857 714 2930 lustiniano
734 2856 944 2951 imperante,
961 2855 1082 2927 omnia
1094 2863 1248 2928 mutata.
1266 2857 1425 2930 Huncin
1440 2849 1595 2930 Venetos

460 3005 612 3078 pronum
632 2979 741 3052 fuisse
771 2978 934 3052 unanimi
964 2986 1123 3050 auctores
1152 2979 1344 3051 affirmant.
1367 2980 1596 3052 Moderatene

463 3129 508 3177 an
544 3105 824 3198 intemperanter
856 3100 1007 3191 faverit,
1043 3100 1348 3174 dissentientibus·
1368 3103 1572 3175 auctoribus
1579 3158 1590 3193 ,

460 3226 652 3298 incertum.
1108 3228 1114 3235 '
1339 3229 1340 3232 ’

510 3349 541 3421 I.
571 3391 621 3402 -
653 3347 691 3421 Si
721 3346 944 3441 Procopium,
980 3344 1236 3420 Acerdotorum
1269 3355 1462 3440 auctorem,
1498 3351 1593 3423 Eva-

462 3469 648 3566 griumque
666 3469 803 3559 audias,
827 3467 979 3540 effrenus
992 3468 1031 3540 in
1050 3469 1130 3540 odio
1151 3469 1272 3543 autin
1291 3470 1414 3545 favore
1433 3473 1505 3547 fuit
1516 3474 1540 3547 J
1541 3497 1596 3546 us·

463 3592 637 3698 tinianus.

511 3715 646 3788 Narrat
664 3713 856 3809 Procopius
874 3713 1105 3804 Theodoram,
1141 3737 1344 3812 sororesque
1373 3741 1414 3791 ac
1445 3728 1595 3795 matrem

464 3835 553 3930 ejus,
573 3861 684 3933 quum
702 3836 838 3926 Aeacii,
861 3859 1024 3908 ursorum
1056 3837 1222 3928 custodie,
1258 3839 1332 3912 haec
1363 3841 1487 3934 vidua,
1522 3844 1595 3916 illae

462 3943 556 4051 filiae,
578 3961 745 4034 Prasinos
763 3961 803 4033 in
824 3960 924 4034 Circo
944 3959 1163 4056 supplicibus
1182 3970 1218 4034 et
1235 3965 1394 4038 vestibus
1423 3973 1459 4038 et
1478 3967 1596 4040 verbis

464 4092 620 4175 orarent,
640 4092 682 4156 ut
701 4084 770 4156 sibi
787 4084 955 4157 uxorium
980 4091 1016 4156 et
1045 4091 1235 4179 paternum
1263 4087 1417 4160 officinm
1441 4089 1595 4162 retinere

500 4331 536 4396 11)
569 4332 678 4388 darien.
693 4329 714 4399 Ι,
733 4330 778 4395 93,
806 4347 835 4402 p.
852 4331 983 4389 tat-lte.
1007 4363 1038 4374 -
1063 4330 1102 4388 cf.
1121 4347 1147 4388 a.
1172 4332 1233 4389 518.
1256 4364 1290 4374 -
1306 4333 1435 4406 Theoph.
1462 4351 1488 4389 a.
1512 4334 1593 4400 6011,

464 4412 597 4487 61161.-
609 4411 716 4468 Theod.
727 4413 803 4469 Lect.
818 4414 850 4482 ll,
864 4412 910 4480 37,
927 4430 955 4486 p.
967 4414 1065 4470 565.-
1075 4414 1191 4472 Cedren.
1211 4416 1233 4486 1,
1246 4415 1592 4484 637.-Zonares,XIV,5.

501 4499 618 4592 16111131.
634 4518 663 4585 p.
680 4501 742 4560 416.
758 4533 789 4544 -
807 4503 936 4588 Theoph.
960 4521 986 4566 a.
1005 4505 1085 4574 6016,
1101 4522 1128 4588 p.
1143 4505 1206 4566 263.
1223 4538 1253 4550 -
1274 4507 1465 4576 Marcellinus,
1481 4525 1510 4586 p.
1531 4509 1592 4566 378.
