3630 5660
441 521 487 610 ὅ(
719 545 765 593 nu
791 541 1020 595 cmcuusraus
1046 541 1290 595 rnorronmus.

439 679 559 744 tamen
592 669 792 767 Hypatium
817 669 1095 764 Pompeiumque
1130 693 1171 742 ac
1194 671 1350 743 Probum
1388 670 1570 742 Anastasii

438 794 539 867 illius
553 793 780 866 consobrinos
795 792 918 883 fuisse,
940 791 1004 888 qui
1021 791 1181 864 Prasinis
1200 792 1288 865 adeo
1306 792 1567 882 inimicusiuit,

440 925 482 989 ut
501 939 559 989 eos
573 914 705 988 militia
721 914 916 1009 officiisque
933 914 1086 1010 publicis
1107 921 1263 988 arceret.

489 1037 527 1112 Si
555 1038 685 1112 Veneti
704 1037 873 1111 adversus
891 1037 1058 1110 Prasinos
1076 1037 1313 1111 Justinianeae
1332 1037 1456 1111 domus
1471 1037 1571 1133 prius

439 1168 720 1260 propugnatores
755 1158 995 1250 exstitissent,
1034 1167 1149 1250 certe,
1185 1167 1261 1233 tam
1293 1159 1487 1234 crudeliter
1527 1161 1571 1232 ab

439 1260 716 1378 Excubitoribus
742 1281 782 1354 in
801 1279 1044 1377 Hippodromo
1074 1281 1207 1373 habiti,
1230 1281 1316 1354 adeo
1335 1282 1572 1378 periculosum

437 1405 677 1503 patrocinium
696 1405 744 1500 ,in
776 1403 951 1499 posterius
973 1403 1234 1499 repudiassent.
1266 1402 1384 1490 Quum
1418 1406 1573 1478 Venetos
1652 1435 1659 1446 ·

436 1530 550 1624 igitur
568 1527 743 1624 posterius
766 1517 876 1599 etiam
902 1549 983 1600 cum
1015 1525 1175 1600 Prasinis
1205 1525 1441 1599 decertavisse
1471 1550 1571 1622 repe-

437 1651 580 1740 riemus,
603 1649 855 1724 aestimandum
873 1649 942 1722 crit
960 1649 1152 1723 factionem
1170 1647 1286 1739 illam,
1303 1673 1383 1722 cum
1404 1645 1571 1723 adversam
1639 1673 1648 1690 ·

436 1775 494 1848 ria
510 1781 612 1869 parte
627 1796 754 1846 manus
777 1779 1031 1862 conserentem,
1051 1794 1122 1844 non
1140 1772 1405 1846 lustinianeam
1422 1773 1483 1846 sed
1497 1797 1574 1869 pro·

436 1896 553 1992 priam
572 1919 673 1967 suam
692 1918 835 1967 causam
856 1894 964 1965 armis
982 1901 1046 1968 aut
1064 1892 1245 1989 lapidibus
1265 1894 1454 1967 defendere
1477 1894 1544 1992 (4).

487 2019 542 2090 Ex
565 2016 628 2089 illo
653 2023 823 2110 tempore,
854 2013 1094 2104 Justinianus,
1118 2037 1180 2086 suo
1200 2014 1357 2108 periculo
1377 2017 1573 2110 sapientior

437 2140 555 2214 factus
591 2140 806 2235 edoctusque
834 2138 1073 2232 imperatoriae
1091 2138 1277 2233 tyrannidi
1297 2138 1441 2213 modurn
1460 2163 1572 2234 popu·

437 2263 576 2337 laribus
619 2261 853 2336 seditionibus
885 2260 1022 2355 imponi
1040 2283 1160 2355 posse,.
1184 2261 1338 2356 publicis
1353 2263 1459 2335 rebus
1477 2263 1572 2335 ordi-

438 2384 568 2459 nandis
583 2407 705 2457 curam
724 2381 893 2475 majorem
913 2381 1079 2454 adhibuit
1099 2380 1110 2479 (
1140 2381 1166 2478 ).

487 2511 613 2582 Ambae
625 2507 890 2580 verofactiones
903 2529 982 2601 quae
995 2505 1101 2578 semel
1117 2528 1157 2577 ae
1164 2504 1312 2577 fortuito
1325 2505 1364 2578 in
1376 2507 1572 2603 Imperato-

436 2656 512 2707 rcm
542 2630 731 2704 unanimes
764 2630 1045 2718 insurrexerant,
1082 2628 1128 2701 ad
1161 2628 1353 2702 intestinas
1378 2630 1572 2704 discordias

437 2751 561 2829 rursus
579 2753 767 2826 revolutae.

485 2875 605 2971 Hujus
624 2875 763 2972 generis
781 2881 910 2964 motus,
932 2872 1130 2946 factionum
1146 2872 1281 2946 scilicet
1299 2873 1396 2947 inter
1413 2897 1449 2946 se
1465 2875 1572 2970 depu-

439 3001 629 3098 gnantium
662 2998 859 3086 conflictae,
895 2995 1101 3070 iustiniano
1124 2996 1335 3091 imperante,
1358 2997 1471 3068 sexies
1504 2999 1571 3069 ite-

436 3124 521 3197 rati.
546 3121 683 3210 Quibus
703 3109 980 3193 annumerandae
1010 3125 1094 3190 sunt
1122 3141 1251 3212 pugnae
1265 3118 1360 3190 inter
1378 3117 1568 3208 factiones3

440 3270 533 3319 anno
561 3244 628 3340 547
661 3243 727 3338 (3),
748 3241 818 3338 549
836 3241 903 3338 (4),
928 3239 997 3311 550
1015 3238 1082 3336 (5),
1111 3247 1266 3313 exortae:
1290 3264 1368 3335 quae
1388 3263 1572 3336 nunquam

437 3367 514 3440 sine
540 3388 670 3459 magno
693 3363 802 3437 Urbis
823 3362 966 3451 damno,
1002 3359 1157 3433 caedibus
1189 3361 1323 3434 scilicet
1342 3368 1378 3433 et
1396 3361 1572 3458 incendiis

437 3491 511 3563 late
530 3487 747 3584 propagatis,
765 3492 865 3574 actae,
883 3491 979 3573 sunt,
1002 3490 1038 3555 et
1056 3507 1209 3577 quarum
1228 3485 1459 3580 instigatores
1480 3495 1571 3559 acer-

438 3613 527 3686 rime
545 3609 695 3706 repressi
715 3615 812 3682 sunt.

473 3843 509 3912 (l)
525 3841 563 3896 lle
578 3841 652 3896 Nlla
665 3837 823 3895 seditione:
838 3833 917 3890 Prcc.
931 3836 1056 3901 Persica,
1079 3835 1100 3903 l,
1120 3834 1164 3900 24,
1183 3853 1211 3909 p.
1234 3837 1294 3894 110.
1309 3869 1344 3880 -
1362 3839 1507 3910 Euagrius,
1522 3839 1568 3910 lV,

439 3925 482 3993 13,
498 3943 526 3999 p.
542 3925 593 3982 390
602 3943 609 3991 ;
625 3924 671 3990 lV,
688 3922 730 3988 32,
742 3939 770 3994 p.
787 3920 847 3977 407Ι
865 3950 892 3960 -
906 3922 1008 3977 Obron.
1021 3923 1099 3977 Pusc.
1113 3952 1141 3962 -
1151 3922 1341 3992 Marcellinus,
1353 3940 1378 3980 a.
1390 3924 1453 3990 532,
1465 3943 1494 3998 p.
1507 3925 1568 3982 380.

439 4043 470 4054 -
486 4011 612 4076 44414144,
634 4027 661 4081 p.
684 4008 746 4064 473.
767 4037 795 4048 -
812 4005 939 4077 Theoph.
956 4023 982 4063 a.
1002 4005 1082 4076 6024,
1100 4023 1129 4079 p.
1150 4006 1213 4064 278.
1233 4039 1262 4048 -
1278 4008 1364 4064 Multo
1382 4009 1567 4081 posteriores:

439 4095 560 4152 Gedren.
574 4101 595 4151 t.
611 4093 631 4162 l,
649 4111 676 4165 p.
693 4093 743 4149 647
753 4109 761 4159 ;
776 4091 907 4157 Zonaras,
923 4089 992 4159 XIV,
1009 4089 1041 4161 6;
1055 4089 1167 4162 alycas,
1180 4108 1207 4163 p.
1225 4093 1286 4149 406.

473 4181 509 4250 (2)
525 4179 635 4254 Finlay,
653 4182 704 4236 Tlre
715 4179 813 4235 Graece
827 4179 920 4232 under
943 4178 985 4231 the
1001 4178 1128 4238 Romam.
1144 4193 1171 4248 p.
1189 4176 1250 4233 260.

474 4265 510 4335 (3)
534 4263 596 4321 4141.
631 4279 657 4318 a.
681 4261 761 4328 6039,
784 4278 812 4333 p.
827 4259 889 4316 483.
912 4291 947 4302 -
968 4259 1159 4325 Marcellinus,
1175 4261 1209 4316 dc
1227 4262 1282 4317 hac
1295 4261 1433 4319 seditione
1449 4263 1569 4319 omnino

439 4350 511 4407 silet.
526 4381 556 4390 -
573 4348 702 4420 Theoph.
729 4345 843 4412 46039,
859 4362 885 4417 p.
901 4343 961 4400 350.
981 4375 1011 4382 -
1025 4343 1142 4399 dedren.
1170 4344 1191 4414 l,
1207 4362 1233 4417 p.
1250 4347 1310 4401 658.

474 4434 510 4502 (4)
522 4433 583 4490 Mal.
596 4451 624 4507 p.
640 4435 700 4490 484.
720 4461 748 4472 -
763 4428 892 4498 Theoph.
908 4445 933 4482 a.
949 4427 1016 4484 6041
1048 4444 1075 4498 p.
1093 4427 1155 4482 351.

474 4519 510 4586 (5)
524 4517 585 4574 4141.
612 4535 639 4591 p.
656 4515 716 4583 484,
738 4545 769 4556 -
788 4512 917 4585 Theoph.
944 4510 1055 4580 46042,
1072 4523 1100 4584 p.
1118 4511 1178 4570 362.
1197 4543 1226 4555 -
1241 4511 1357 4570 Cedren.
1373 4513 1392 4580 l,
1408 4529 1436 4587 p.
1452 4513 1513 4570 668.
