3630 5658
712 580 827 632 cneus
853 579 901 630 vr.
1325 563 1370 658 93

242 703 392 799 busque·
408 706 618 806 agitaretur,
641 728 752 801 quum
771 705 955 778 invalidus
983 730 1094 804 equus
1114 708 1374 780 examinandus

245 830 493 905 adduceretur.
513 831 545 903 Α
565 832 811 905 Demarchone
830 840 866 904 et
883 831 1113 921 factionibus
1133 855 1178 903 un
1202 833 1246 902 ab
1268 834 1374 927 Epar-

243 954 323 1026 cho·
344 962 407 1026 aut
434 955 604 1027 Praefecto
633 955 732 1028 Sacri
757 953 892 1027 Palatii
912 955 1132 1048 pependerit,
1161 954 1375 1027 sectionisne

242 1075 406 1149 minister
426 1101 471 1148 an
489 1077 745 1172 Imperatorius
765 1075 924 1148 officialis
949 1075 1071 1167 fuerit,
1098 1075 1273 1148 incertum
1304 1085 1369 1148 est.

292 1199 328 1268 80
346 1199 396 1272 Ut
418 1199 600 1272 Palatium
630 1196 694 1295 (1),
719 1197 771 1270 ita
789 1197 1054 1293 Hippodromus
1083 1223 1164 1271 suos
1191 1206 1373 1298 μανδοὶτορας

241 1321 370 1394 habuit
404 1321 468 1419 (2),
491 1321 553 1417 qui
572 1321 763 1394 Demarchi
791 1331 853 1392 aut
879 1330 1083 1394 caeterorum
1104 1323 1307 1395 officialium
1329 1325 1374 1395 ad

240 1446 524 1540 congregrandos
543 1445 687 1535 milites,
716 1445 760 1516 ad
780 1445 1009 1540 requirendos
1030 1445 1174 1539 aurigas
1201 1447 1374 1519 mandata

241 1570 465 1664 perferrent:
488 1569 595 1641 iidem
615 1590 700 1641 sane
725 1565 875 1640 fuerunt
899 1591 939 1639 ac
964 1569 1115 1640 Romani
1135 1568 1281 1643 uictores
1303 1570 1370 1666 (3).

288 1700 325 1790 9⁰
345 1691 441 1777 Quid
460 1691 596 1765 fuerint
608 1703 760 1790 μοέῑστορες
779 1715 850 1762 non
874 1691 960 1762 satis
975 1699 1126 1762 constat.
1145 1691 1370 1788 Mupe'rtnmr,

235 1799 711 1911 (αεῑεὸηανῖαηῑρη’6111111616
718 1815 957 1887 monumentis
968 1814 1061 1885 idem
1074 1814 1183 1886 fuisse
1197 1824 1297 1909 patet
1307 1815 1371 1912 (4).

240 1940 385 2012 Decimo
425 1947 543 2012 autem
575 1939 701 2011 sacculo
726 1937 984 2035 semiermium,
1014 1937 1129 2009 idest
1159 1937 1373 2029 deneardum,

242 2061 448 2154 aurigarum
467 2061 669 2156 primatem,
698 2061 792 2134 idem
818 2061 927 2133 fuisse
955 2085 995 2133 ac
1020 2072 1180 2160 μαῖστορας
1209 2086 1279 2133 non
1307 2085 1376 2133 crc-

240 2184 323 2256 dam
350 2209 357 2258 :
390 2209 473 2257 nam
493 2185 531 2257 in
555 2184 842 2258 Coerzmom'urum
866 2207 938 2255 uno
965 2184 1156 2278 eodemque
1181 2184 1268 2273 loca,
1292 2185 1377 2256 hinc

243 2306 406 2398 Irenzochz',
429 2308 514 2381 hinc
535 2309 636 2380 ambo
665 2317 843 2380 cantatores
862 2307 910 2379 in'
925 2331 1066 2404 quaque
1089 2307 1244 2379 factione
1264 2307 1375 2379 nomi-

243 2436 376 2500 nantur
399 2428 462 2527 (5).

287 2551 464 2623 Praeterea
484 2551 571 2623 satis
597 2551 746 2624 diversis
766 2551 888 2623 officiis
907 2551 1048 2625 functos
1065 2554 1175 2626 fuisse
1189 2561 1374 2626 cantatores

238 2679 394 2745 testatur
419 2673 512 2745 idem
542 2673 646 2746 liber.
668 2675 773 2764 Nam,
800 2698 879 2746 cum
907 2674 987 2746 aliis
1011 2675 1233 2765 officialibus
1262 2677 1373 2771 inspi-

240 2796 377 2869 ciendis
410 2797 509 2892 equis
551 2797 784 2891 curribusque
817 2822 962 2870 vacasse
1005 2799 1075 2894 (6);
1116 2823 1197 2871 cum
1224 2799 1374 2870 notariis

239 2919 420 3008 factionis,
458 2920 503 2990 ad
523 2920 777 3014 Imperatorem
803 2926 865 2991 aut
885 2919 1001 2991 latina
1021 2921 1130 2990 verba
1158 2921 1372 3014 quibusdam

239 3043 339 3114 festis
367 3043 492 3115 diebus
517 3043 580 3140 (7),
611 3051 674 3114 aut
705 3042 828 3115 solitas
861 3041 1132 3114 acclamationes
1160 3042 1206 3138 (8)
1243 3042 1372 3113 decan-

206 3173 353 3266 Ntasse3
391 3165 556 3261 ipsosque
592 3164 631 3236 in
667 3165 828 3238 Trz‘clrin‘o
859 3164 954 3238 XIX
987 3163 1219 3246 accubituum,
1261 3189 1371 3260 quum

238 3288 335 3362 Ludi
373 3287 514 3362 Gothr'cz'
537 3289 819 3380 celebrarentur,
857 3312 937 3360 cum
965 3296 1060 3360 certo
1092 3287 1305 3361 donatorum
1337 3297 1373 3361 ct

239 3420 454 3512 πανδουρίστων
487 3410 536 3509 (9)
571 3435 718 3485 numero
748 3412 902 3485 adfuisse
928 3412 1207 3506 deprehenditur
1228 3412 1319 3510 (ιο).

276 3676 312 3745 (1)
327 3678 436 3734 darios.
450 3674 483 3746 Il,
499 3675 542 3732 65.

276 3761 398 3831 (6)]6111.
415 3761 448 3828 11,
465 3762 510 3817 52.

275 3849 310 3919 (3)
324 3850 521 3922 Bulengerius,
540 3867 585 3922 ap.
602 3851 690 3908 Graev.
706 3859 724 3907 t.
744 3849 788 3919 lX,
808 3866 836 3922 p.
856 3849 918 3918 666,
933 3867 956 3906 c.
983 3849 1025 3906 41.
1045 3881 1074 3892 ·-
1095 3849 1260 3914 Panvinius.
1276 3853 1296 3922 1,
1323 3853 1365 3910 15.

240 3968 270 3977 -
282 3935 320 3992 Ea
336 3937 374 3992 ibi
388 3937 537 4009 inscriptio
551 3936 656 4009 legitur
670 3957 676 3993 :
691 3937 725 3992 N.
740 3936 890 3996 vinnom.

274 4020 311 4087 (4)
323 4019 411 4075 lusor.
427 4019 504 4092 apud
518 4019 700 4091 Panvinium,
714 4021 734 4090 1,
753 4021 796 4080 10.

276 4105 313 4174 (6)
329 4106 437 4161 Oarion.
454 4105 475 4170 l,
490 4104 533 4170 69,
550 4122 578 4177 p.
595 4105 656 4162 311.

274 4185 311 4253 (6)
321 4188 392 4241 ibid.
407 4203 434 4258 p.
451 4186 512 4256 311,
531 4187 592 4243 333.

274 4271 309 4337 (7)
325 4272 397 4325 ibid.
414 4270 435 4340 1,
454 4270 478 4340 1,
492 4288 522 4343 p.
535 4272 631 4327 26-11.

273 4353 310 4421 (6)
326 4356 396 4410 ibid.
412 4355 432 4420 1,
450 4355 493 4423 71,
507 4373 535 4430 p.
552 4356 612 4412 355.

275 4436 397 4505 (9)]616.
413 4437 433 4505 I,
446 4437 489 4498 83,
505 4456 532 4510 p.
550 4439 611 4497 361.

275 4519 328 4589 (16)
341 4519 380 4574 of.
396 4536 458 4592 pag.
475 4521 518 4582 36.
