3630 5658
730 551 844 602 cucur
871 551 906 600 v.
1341 530 1386 629 75

253 700 407 792 amissae,
425 707 660 772 mercatorum
680 698 828 794 navigia
843 723 865 771 a
878 699 1017 795 piratis,
1037 701 1311 792 aOretensibus,
1332 703 1400 784 Si<

252 824 469 914 oiliensibus,
493 823 673 920 Syriisque
688 823 880 915 Arabibus,
902 823 940 895 in
957 824 1219 899 Mediterraneo
1238 829 1343 920 mari,
1366 853 1388 901 a

253 947 383 1039 Slavis,
401 947 440 1019 in
454 945 673 1020 Macedoniis
686 954 723 1020 et
740 947 877 1044 Illyriis
891 947 1079 1040 tractibus,
1093 951 1388 1048 vexataPauper

250 1094 359 1168 prope
368 1067 446 1164 jam
464 1077 542 1143 erat
555 1069 754 1164 Imperator
776 1093 784 1142 :
807 1093 915 1166 quam
934 1094 1105 1166 perparce
1123 1071 1162 1144 in
1175 1074 1385 1167 BrumaliiS,

250 1196 290 1270 in
302 1196 325 1269 J
328 1192 470 1267 anuarii
485 1192 672 1283 Kalendis,
688 1192 726 1265 in
744 1193 978 1267 Paschalibus
991 1193 1104 1287 festis,
1121 1195 1296 1292 elargitur
1311 1195 1383 1294 (1)!

251 1321 347 1414 Elgae
364 1315 764 1413 principissaeexhibita
785 1340 806 1388 a
825 1315 1062 1391 Constantino
1081 1320 1152 1393 VII
1171 1344 1335 1412 munera,
1348 1327 1388 1393 et

250 1444 328 1539 ipsa
356 1449 392 1513 et
419 1440 509 1534 ipso,
529 1438 681 1535 indigna
704 1439 769 1537 (2)
792 1439 909 1527 Quam
933 1442 1056 1536 inopes
1083 1449 1119 1514 et
1137 1443 1235 1516 missi
1257 1446 1300 1517 ab
1325 1444 1387 1516 im-

250 1571 413 1661 peratore
442 1562 487 1634 ad
512 1569 653 1635 exteras
675 1563 838 1636 nationes
857 1564 968 1659 legati
992 1566 998 1636 l
1023 1565 1069 1636 ad
1096 1565 1275 1661 impensas
1304 1591 1387 1640 suas

250 1687 458 1784 explendas,
483 1685 636 1780 publicis
655 1686 749 1758 curis
767 1694 1004 1758 mercaturam
1025 1686 1175 1778 addunt,
1203 1696 1387 1784 vestesque

250 1835 290 1884 ac
308 1817 449 1904 tapetas
473 1808 636 1882 vendunt
659 1807 722 1906 (3).
749 1810 928 1904 Pauperes
953 1818 990 1882 et
1017 1819 1203 1904 magnates
1229 1811 1387 1885 :irridet

249 1931 494 2027 Luitprandus
526 1954 647 2004 eorum
679 1931 822 2004 tunicas
864 1932 976 2004 nimia
1009 1941 1188 2006 vetustate
1221 1934 1385 2027 rimataS,
1465 1977 1469 1984 ·

249 2079 337 2153 quas
367 2063 489 2127 tamen
526 2053 565 2126 in
604 2054 810 2127 solennibus
840 2062 986 2128 tantum
1028 2056 1129 2128 festis
1165 2058 1385 2152 gestabant:

252 2179 413 2252 «nullus
432 2185 522 2270 erat,
553 2176 656 2271 cujus
676 2186 805 2250 atavus
828 2179 971 2251 tunicas
994 2178 1077 2251 illas
1107 2202 1219 2252 novas
1246 2179 1390 2252 habuis·
1467 2181 1471 2189 '

250 2309 340 2377 seta
365 2301 430 2400 (4).
463 2301 658 2396 Imperium
676 2302 919 2398 Byzantinum
947 2310 989 2374 ut
1008 2301 1139 2375 nobilis
1167 2325 1208 2374 ac
1235 2301 1389 2397 patricia

199 2419 204 2428 ’
250 2423 373 2498 domus
400 2430 490 2514 erat,
523 2423 695 2514 omnium,
728 2424 909 2519 regiarum
936 2424 1057 2516 etiam,
1092 2425 1261 2498 domuum
1291 2425 1388 2498 anti·

248 2547 425 2646 quissima·
437 2553 474 2620 et
491 2543 725 2637 nobilissima,
760 2547 799 2619 in
826 2545 930 2640 cujus
954 2549 1046 2620 lares
1065 2555 1257 2643 paupertas
1274 2547 1390 2643 irrep*

248 2678 344 2744 serat
349 2692 360 2760 ;
378 2693 456 2766 quae
473 2678 608 2762 tamen,
623 2694 667 2743 ne
687 2672 874 2766 quomodo
893 2671 1069 2744 familiam
1091 2695 1192 2744 suam
1208 2672 1383 2762 minuere,

249 2801 285 2868 et
303 2792 481 2888 praeterito
499 2793 679 2889 splendori
699 2793 837 2889 aliquid
861 2794 1031 2889 derogare
1054 2794 1248 2884 videretur,
1275 2794 1385 2866 mira-

248 2918 331 2990 cula
349 2915 534 2989 Industria
554 2924 662 3011 atque
681 2916 818 3011 ingenii
844 2916 890 2988 ad
909 2916 1204 2989 dissimulandam
1224 2916 1385 3011 inopiam

249 3040 454 3114 exhibebat.

296 3165 351 3238 Ne
362 3163 505 3260 aurigas
519 3162 663 3258 quidem
675 3163 848 3236 circenses
860 3161 1040 3235 dimittere
1053 3160 1182 3234 voluit.
1201 3162 1248 3233 Et
1261 3169 1382 3234 tamen

247 3310 319 3383 qua
336 3286 557 3382 parcimonia
575 3286 759 3359 in'iisdem
776 3285 1048 3359 remunerandis
1067 3284 1204 3358 utitur!

297 3408 441 3481 Corona
459 3408 556 3503 ipsae,
586 3431 664 3504 quae
690 3407 866 3480 victorum
887 3407 1094 3502 aurigarum
1117 3405 1296 3501 capitibus
1320 3406 1384 3478 im·
1437 3399 1438 3404 ’

246 3537 442 3627 ponuntur,
475 3530 522 3601 ad
549 3529 715 3604 factionis
733 3529 905 3625 cujusque
924 3529 1181 3625 supellectilem
1200 3528 1352 3600 redeunt
1369 3554 1380 3618 3

247 3654 458 3750 easdemque
512 3660 592 3748 post
644 3653 866 3748 triumphum
900 3653 1087 3726 restitutas
1119 3663 1133 3726 ὁ
1167 3667 1293 3750 ἄργυρος
1325 3669 1383 3727 τῶν

246 3787 391 3876 στεφάνων
408 3775 448 3848 in
467 3775 609 3850 futuras
628 3775 859 3848 solennitates
873 3773 1041 3847 custodit.

295 3900 431 3990 Vestes,
448 3907 485 3973 et
497 3899 619 3995 galeae,
635 3905 671 3971 et
686 3919 798 3988 zone,
814 3896 956 3992 quibus,
972 3902 1078 3973 tanta
1090 3897 1319 3988 solennitate,
1336 3901 1381 3970 ab

282 4163 319 4235 <n
331 4163 488 4233 carran,
506 4163 550 4231 ts,
566 4180 594 4237 p.
609 4163 676 4231 aon
692 4163 725 4231 n,
743 4161 836 4228 aare,
852 4178 881 4235 p.
896 4161 945 4219 rer
962 4169 993 4219 a
1005 4169 1157 4238 seqare.
1287 4147 1291 4156 '

282 4248 318 4319 (Ι)
331 4251 404 4308 tuso.
418 4249 451 4318 ΙΙ,
470 4249 513 4318 15,
529 4267 558 4323 p.
572 4248 634 4306 597.

282 4334 320 4406 (3)
335 4337 410 4393 thid.
426 4334 458 4402 ll,
474 4335 518 4404 lt,
533 4351 560 4407 p.
577 4333 640 4392 662.

281 4421 319 4489 (Ι)
338 4419 448 4490 Luitpr.
464 4421 593 4490 legatio:
608 4418 696 4488 Perta,
715 4426 734 4474 t.
750 4418 794 4483 ΙΙΙ,
808 4435 835 4492 p.
853 4417 915 4477 ato.
928 4419 1034 4478 -Post
1050 4419 1128 4479 Hasii
1139 4421 1263 4479 Leonem
1277 4420 1378 4479 Diaco-

248 4517 330 4571 num,
346 4519 376 4576 p.
390 4502 451 4560 alr.
