3630 5660
431 506 472 576 18
701 523 747 574 un
773 521 1002 574 ciaonnsrsus
1016 519 1271 574 rnonorusus.

425 655 552 741 batur3
585 647 737 744 grandia
764 641 902 718 natura
923 654 1030 741 atque
1051 647 1183 718 artium
1202 647 1425 741 spectacula3
1449 647 1559 719 amori

425 769 546 871 gloriae
579 781 615 845 et
640 748 708 848 'rot'
726 779 829 860 valea,
849 771 1111 866 prateritarum
1138 793 1179 841 ac
1207 770 1411 842 futurarum
1442 795 1561 843 rerum

425 895 747 992 cognoscendarum
767 895 898 983 studio,
921 892 1087 988 religioni
1114 917 1154 964 ac
1184 892 1440 988 superstitioni,
1462 894 1562 966 vitiis

424 1018 548 1116 populi
587 1042 627 1090 ao
663 1017 894 1107 virtutibus,.
929 1015 1048 1087 omnia
1089 1015 1384 1088 blandiebantur.
1421 1018 1561 1113 Byzan·

424 1142 515 1224 tinia,
542 1141 806 1236 Hippodromus
835 1163 907 1211 non
942 1137 1065 1210 Circus
1094 1145 1260 1227 tanturn,
1291 1138 1352 1210 sed
1377 1147 1413 1211 et
1445 1140 1563 1211 forum

425 1265 637 1352 Romanum,
670 1271 706 1333 et
746 1259 977 1333 Atheniensis
1015 1282 1136 1352 agera,
1177 1267 1213 1330 et
1256 1257 1494 1354 Capitolium,
1527 1268 1563 1333 et

424 1387 588 1476 PoeciluS,
606 1393 642 1457 et
661 1364 868 1482 Olympicus
896 1383 1033 1455 stadius
1062 1391 1151 1454 erat.
1174 1383 1259 1455 Tria
1278 1383 1377 1482 fuere
1395 1384 1564 1480 Byzantii
1627 1441 1631 1452 .

424 1509 591 1601 aedilicia,
620 1509 799 1604 praecipua
827 1508 958 1579 artium
989 1505 1191 1578 miracula:
1219 1507 1431 1601 Imperatori
1460 1531 1563 1579 suum

427 1639 505 1705 erat
525 1609 880 1728 Chrysotriclinium3
903 1607 990 1720 Deo,
1015 1653 1080 1700 sua
1099 1628 1219 1724 Hagia
1238 1629 1393 1724 Sophia:
1416 1630 1560 1725 populo,

428 1781 514 1831 suus
532 1757 809 1853 Hippodromus.

478 1877 647 1951 Omnium
692 1877 974 1972 Byzantinorum
1025 1874 1252 1948 aedificiorum
1298 1877 1566 1972 antiquissimus

430 2000 724 2096 Hippodromus:
760 2006 796 2070 et
822 2022 918 2070 nunc
946 1999 1053 2070 etiam
1082 2007 1169 2094 quot
1206 1997 1362 2070 aedificiis
1400 2000 1566 2095 supersti-

429 2129 482 2195 tes
515 2121 699 2196 Cbelisous
727 2128 764 2192 et
795 2120 958 2198 Colossus
986 2129 1022 2194 et
1057 2123 1160 2216 spina
1186 2122 1390 2194 exsistunt!
1425 2122 1566 2194 Primus

429 2271 512 2342 ergo
527 2248 566 2320 in
587 2248 676 2320 urbe
696 2251 733 2319 et
751 2246 924 2318 ultimus:
948 2245 1259 2342 Constantinopoli
1271 2247 1428 2321 anterior
1449 2273 1489 2320 ac
1506 2273 1565 2321 su-

432 2381 579 2468 perstes.

480 2496 599 2583 Quum
631 2496 781 2570 Severus
814 2496 1008 2591 imperator
1037 2497 1228 2591 pristinam
1263 2497 1302 2582 in
1348 2496 1563 2593 Byzantinos

431 2622 606 2696 saevitiam
625 2622 791 2717 mitigare
810 2622 932 2712 vellet,
966 2621 1141 2718 principio
1162 2622 1445 2717 Hippodromum
1474 2644 1564 2693 crea·

431 2749 498 2820 vit.
522 2747 640 2851 Quum
659 2747 853 2841 incoeptum
882 2770 902 2816 a
930 2745 1057 2818 Severo
1078 2770 1165 2840 opus
1197 2746 1456 2819 Constantinus
1486 2769 1565 2840 per·

432 2871 533 2944 ficere
553 2871 698 2959 statuit,
726 2869 766 2941 in
796 2868 1040 2965 Hippodromo
1068 2869 1161 2941 nihil
1186 2869 1374 2960 mutavit:
1398 2876 1439 2939 ut
1463 2891 1568 2962 quern

431 3017 503 3065 non
522 2991 841 3094 indignumwllrbe,
871 2991 997 3063 mundi
1034 2990 1195 3063 universi
1215 2992 1340 3064 futura
1365 2990 1564 3085 metropoli,

433 3114 648 3188 condidisset
673 3115 844 3222 Severus3
875 3114 935 3186 sed
956 3112 1001 3185 ad
1027 3112 1260 3185 Cathismatis
1288 3114 1434 3203 lineam,
1456 3113 1567 3207 impe-

432 3241 523 3312 riale
560 3239 742 3310 Palatium
779 3237 987 3308 aedificavit.
1028 3235 1146 3322 Quum
1196 3236 1352 3330 Hagiam
1399 3236 1568 3333 Sophiam

433 3386 535 3436 suam
553 3361 747 3432 meditatus
766 3368 819 3432 est
842 3359 1083 3452 Justinianus,
1108 3358 1408 3432 accommodatam
1425 3359 1567 3433 Palatio

434 3492 470 3558 et
501 3483 602 3556 Circo
622 3482 807 3555 ecclesiam
831 3482 1043 3555 construxit.
1073 3483 1167 3556 Urbs
1198 3483 1338 3579 reliqua
1363 3483 1516 3556 Palatio
1533 3492 1570 3582 et

435 3607 579 3702 Templo
594 3630 667 3679 sese
687 3605 978 3678 accommodavit.
1332 3690 1344 3704 ..

485 3729 543 3803 Sic
562 3738 598 3803 et
615 3729 772 3821 Palatio,
797 3737 833 3802 et
857 3730 1015 3826 Templo,
1038 3739 1074 3802 et
1094 3731 1197 3822 Urbi,
1222 3730 1487 3827 Hippodromus
1517 3730 1567 3804 le-

436 3875 514 3946 gem
528 3854 759 3949 regulamque
773 3852 889 3926 dedit:
908 3853 1175 3950 orthodoxaque
1186 3854 1264 3950 ipsa
1280 3854 1451 3947 Ecclesia,
1467 3878 1566 3928 suam

435 3975 602 4048 flectendi
622 4001 782 4048 normam
802 3978 933 4070 nescia,
957 3977 1095 4073 aliquid
1114 3979 1355 4074 Hippodromo
1382 3963 1562 4068 concessit,

436 4097 592 4194 sivitque
612 4100 770 4195 Hagiam
788 4099 955 4195 Sophiam
976 4124 1047 4173 non
1067 4102 1174 4196 plane
1195 4102 1241 4173 ad
1261 4102 1442 4176 Orientem
1469 4124 1567 4196 speo-

435 4229 525 4312 tare,
548 4223 609 4294 sed
628 4223 817 4318 paululum
850 4222 895 4295 ad
927 4224 1111 4296 meridiem
1136 4224 1329 4297 >deflectere
1356 4225 1422 4322 (1).
1454 4224 1567 4297 Linea

471 4490 506 4556 ll)
522 4489 648 4552 Lalrarto,
665 4508 691 4564 p.
710 4492 751 4546 18.
