3630 5660
453 541 498 587 22
734 539 779 588 DE
806 537 1034 589 ClllCENSlBUS
1060 537 1304 590 FACTIONIBUS.

448 658 487 730 in
506 659 716 732 bestiarium
734 653 878 732 senator
911 669 947 734 et
978 684 1097 756 eques,
1118 661 1156 733 in
1178 663 1340 757 aurigam
1369 665 1578 758 Imperator,

452 789 645 855 mutatur:
670 783 790 873 Caius,
831 785 937 875 Nero,
977 785 1158 877 Vitellius,
1193 786 1320 877 VeruS,
1356 786 1578 877 Commodus,

450 904 640 978 Caracalla
675 913 711 978 et
750 905 851 996 Geta,
895 907 1169 1001 Heliogabalus,
1186 931 1311 981 currus
1342 909 1483 1005 agitant
1514 909 1578 1008 ().

452 1053 470 1097 (ι
491 1030 618 1101 Totam
637 1028 742 1100 hodie
760 1029 908 1102 Romam
928 1029 1052 1104 Circus
1071 1030 1168 1124 capit
1191 1029 1256 1129 (2)
1281 1057 1298 1100 1
1544 1041 1547 1047 “

497 1149 572 1224 Uni
593 1159 657 1224 aut
676 1153 780 1224 alteri
798 1151 896 1246 parti
924 1151 1073 1225 favendi
1106 1153 1193 1226 adeo
1227 1152 1477 1227 disseminatus
1507 1180 1582 1228 mos

448 1280 538 1364 erat,
560 1282 603 1347 ut
627 1274 763 1371 gratias
782 1277 879 1370 patri
900 1285 1020 1371 ageret
1048 1276 1189 1372 sapiens
1219 1278 1376 1368 Marcus,
1409 1277 1503 1371 quod
1536 1281 1581 1350 ab

446 1399 523 1496 ipso
541 1399 595 1472 ita
614 1399 785 1472 educatus
804 1406 906 1488 esset,
923 1406 965 1470 ut
984 1423 1049 1471 nec
1061 1400 1233 1490 Prasinis‚
1249 1424 1314 1473 nec
1326 1401 1499 1491 Russatis‚
1518 1424 1582 1472 un·

448 1545 556 1618 quam
587 1521 738 1594 faveret.
760 1522 857 1593 Rara
890 1519 967 1592 avis
997 1521 1037 1593 in
1056 1545 1119 1593 suo
1138 1522 1264 1594 saeculo
1283 1522 1366 1594 fuit.
1390 1523 1583 1619 Imperato-

447 1646 523 1722 rius
542 1645 637 1718 enim
658 1643 758 1716 furor
776 1644 955 1739 plebeium
974 1647 1141 1740 aequabat
1162 1671 1170 1717 :
1194 1645 1374 1718 dementia
1393 1645 1510 1719 Caesar
1542 1671 1583 1718 ac

446 1772 604 1866 Populus
634 1771 711 1842 Rex
737 1770 1013 1844 contendebant.
1046 1771 1165 1859 Quum
1192 1772 1304 1868 plebe,
1332 1770 1390 1843 die
1409 1772 1605 1867 quadam„

450 1895 625 1991 aurigam,
648 1895 707 1966 cui
731 1893 871 1966 faveret
889 1894 1069 1990 Caligula,
1092 1895 1229 1967 salibus
1247 1902 1283 1967 et
1305 1895 1475 1967 conviciis
1496 1919 1581 1968 exa-

448 2020 591 2116 gitaret,
613 2019 763 2093 insanus
785 2018 847 2090 ille
866 2020 1030 2117 princeps
1058 2020 1209 2093 militem
1245 2019 1285 2091 in
1321 2020 1460 2113 plebem
1479 2042 1582 2092 ruere

444 2139 565 2234 jussit,
597 2143 1038 2248 derisoresquetrucidare
1058 2143 1125 2242 (3).

499 2265 618 2353 Quum
638 2266 965 2362 Constantinopolis
985 2266 1207 2360 conderetur,
1230 2268 1269 2339 in
1284 2292 1415 2340 novam
1433 2269 1582 2340 Romam

451 2413 470 2460 e
501 2397 632 2478 vetere,
663 2389 801 2479 Patres,
833 2391 998 2486 populus,
1030 2389 1165 2480 Circus,
1195 2391 1338 2464 Presini
1371 2414 1413 2462 ec
1437 2390 1578 2480 Veneti,

450 2512 597 2585 Russati
617 2519 724 2607 atque
742 2513 841 2604 Albi,
864 2513 985 2585 omnia
1004 2512 1218 2608 migrarunt.

501 2633 668 2726 Ejusdem
686 2635 818 2707 furoris
837 2637 990 2708 clamore
1008 2637 1215 2730 Bosporano
1233 2635 1357 2707 littora
1387 2659 1427 2707 ac
1452 2636 1585 2708 Tiberi-

452 2782 508 2831 nae
526 2757 613 2853 ripae
631 2765 901 2830 resonuerunt:
939 2778 1093 2852 namque
1118 2757 1177 2829 hic
1209 2764 1251 2829 ut
1282 2745 1373 2847 1111οζ
1406 2781 1477 2829 non
1509 2766 1583 2830 tam

452 2881 530 2954 ludi
546 2881 658 2976 ipsius
677 2904 784 2976 quam
805 2880 958 2952 vestium
977 2881 1203 2975 colorumque
1227 2903 1347 2969 causa,
1369 2882 1523 2975 populus
1543 2905 1584 2953 ac

451 3005 617 3102 princeps
635 3004 879 3077 insaniebant.

499 3131 550 3202 At
567 3129 736 3226 Byzantii
755 3129 868 3200 multo
900 3129 1015 3224 magis
1048 3129 1175 3201 ardens
1200 3151 1309 3224 quam
1321 3129 1440 3200 Romae
1475 3151 1577 3199 aemu-

453 3254 541 3325 latio
561 3251 644 3324 fuit.
666 3253 710 3323 In
731 3250 832 3322 Circo
857 3251 1029 3340 Maximo,
1056 3274 1138 3322 raro
1157 3273 1269 3346 usque
1293 3250 1338 3322 ad
1362 3250 1522 3324 convicia
1544 3250 1582 3321 in

421 3354 424 3362 ⁵
453 3374 649 3471 principem
666 3374 767 3467 plebs
785 3379 882 3442 mota
900 3371 1037 3462 fuerat;
1055 3372 1094 3442 in
1112 3373 1313 3468 Byzantino
1328 3374 1580 3469 Hippodromo,

453 3498 632 3595 principes
667 3496 710 3567 de
730 3519 868 3567 summa
884 3518 1003 3567 rerum
1022 3519 1112 3590 saepe
1143 3495 1337 3590 periclitati
1366 3521 1373 3568 :
1409 3495 1586 3591 imperiali

453 3621 628 3716 sanguine
646 3617 787 3691 maduit
807 3641 940 3708 arena3
970 3642 989 3690 e
1015 3618 1115 3691 Circo
1135 3619 1173 3691 in
1192 3621 1317 3690 urbem
1342 3619 1521 3710 incendia,
1550 3620 1588 3691 in

451 3738 641 3838 imperium
658 3743 755 3815 bella
774 3741 909 3830 civilia,
932 3740 1195 3836 grassariaCur
1217 3743 1495 3815 turbulentiores
1518 3745 1589 3838 By·
1698 3755 1700 3758 ’

452 3868 565 3942 zantii
585 3887 693 3962 quam·
711 3867 829 3938 Romae
848 3865 1020 3938 factiones
1036 3864 1183 3956 suerint,
1202 3866 1291 3938 duas
1310 3866 1485 3962 pracipue
1505 3891 1589 3938 cau-

451 4015 508 4064 sas
526 3990 723 4086 perspicere
754 3989 867 4060 licet:
904 3995 936 4058 1⁰
970 3987 1139 4060 Romanis
1171 3988 1446 4083 imperatoribus
1473 3989 1586 4060 multo

451 4113 605 4207 majores
636 4112 744 4207 copiae
771 4110 815 4183 ad
841 4111 1042 4183 fraenandos
1069 4111 1193 4206 populi
1218 4111 1355 4186 furores
1386 4135 1493 4206 quam
1517 4112 1588 4206 By-

491 4358 527 4426 (l)
540 4359 678 4414 ductores
692 4353 723 4410 in
736 4352 883 4422 Panvinio,
897 4353 919 4425 1,
937 4353 979 4409 12.

493 4443 529 4512 (2)
544 4443 646 4498 luven.
658 4440 723 4498 'Sat
735 4438 779 4494 lll.
802 4461 803 4464 ¹

495 4527 532 4595 (3)
547 4525 649 4582 Herod.
664 4524 695 4580 in
706 4523 799 4581 Carae.
816 4522 836 4578 l.
852 4520 887 4579 V.
