3630 5660
699 551 816 606 cucur
841 555 893 606 111.
1015 532 1018 538 ’
1312 529 1361 619 45
1529 623 1531 630 Ι

129 717 131 728 ·
232 680 368 774 liceret,
390 681 568 778 repulsam
598 680 746 771 tulisse3
779 705 801 753 a
835 679 982 755 Venetis
1013 687 1132 753 autem
1162 679 1366 776 benigniter

232 803 342 877 fuisse
361 815 526 901 exceptas
545 814 580 878 et
598 803 802 899 hujusmodi
822 803 936 876 officio
957 804 1128 876 donatas.»
1143 803 1239 875 Hinc
1257 803 1366 876 Theo-

233 927 340 1020 dorae,
361 936 449 1003 tunc
467 929 642 1019 comoedac,
664 935 787 1023 postea
805 928 989 1022 Augustae,
1011 926 1050 998 in
1068 927 1236 999 Prasinos
1262 925 1365 999 inex-

232 1051 367 1148 piabile
386 1052 519 1125 odium.
553 1051 722 1124 Irritatus
742 1075 763 1122 a
782 1047 931 1144 conjuge
960 1048 1124 1143 princeps
1154 1048 1194 1120 in
1227 1048 1366 1122 eosdem

235 1175 370 1250 saevire.
393 1176 489 1249 Freti
508 1173 738 1271 Imperatoris
756 1171 879 1246 favore
897 1171 1039 1262 Veneti,
1061 1173 1280 1244 Venetorum
1309 1171 1365 1244 fa·
1431 1186 1436 1195 '

233 1323 317 1373 vore
332 1301 543 1396 Imperator,
566 1300 604 1372 in
634 1297 802 1371 Prasinos
834 1295 954 1368 omnia
989 1295 1182 1367 audebant.
1219 1295 1292 1367 Diu
1326 1317 1368 1368 ao

234 1432 341 1497 noctu
360 1423 566 1518 spoliabant
589 1423 734 1494 obvium
759 1443 934 1517 quemque
952 1419 1096 1510 Veneti,
1118 1417 1300 1513 spoliatos,
1323 1439 1368 1490 ne

233 1554 479 1642 quererentur,
505 1545 763 1618 trucidabant:
795 1543 890 1616 heris
917 1566 1098 1615 servorum
1123 1541 1368 1614 manumissio·

233 1692 307 1760 nes,
320 1669 532 1764 parentibus
550 1666 760 1762 largitiones
773 1665 811 1736 in
830 1665 995 1760 prodigos
1008 1665 1111 1754 tilica,
1128 1664 1364 1736 creditoribus

233 1791 435 1864 debitorum
453 1790 714 1880 liberationem,
738 1788 912 1860 divitibus
931 1788 1134 1883 pecuniam,
1156 1787 1368 1860 mulieribus

233 1913 457 2012 pudicitiam,
488 1915 761 2009 extorquebant.
784 1912 951 1985 Prasinos
977 1913 1016 1984 in
1043 1912 1145 1984 nulla
1170 1935 1208 1984 re
1229 1909 1369 2005 judices

235 2038 471 2132 adjuvabant.
493 2037 613 2111 Judex
631 2037 693 2136 qui
708 2035 830 2131 justus
848 2061 922 2110 esse
942 2059 1049 2108 ausus
1068 2037 1200 2126 fuerat,
1222 2035 1261 2107 in
1285 2035 1369 2108 vitae

233 2159 422 2233 discrimen
442 2160 624 2233 incidebat
654 2160 722 2257 (ι).
753 2159 923 2233 Conscius
953 2159 1123 2232 scelerum
1156 2160 1366 2254 Imperator,

236 2285 423 2358 sceleratos
444 2285 529 2357 adeo
550 2307 620 2356 non
640 2283 827 2379 puniebat,
850 2291 892 2355 ut
909 2282 1049 2384 sceleris
1063 2282 1171 2354 ctiam
1190 2282 1370 2355 convictos

234 2415 478 2482 remuneraret
498 2407 565 2505 (2).
592 2406 692 2498 Quia,
722 2406 857 2479 Cilicia
877 2406 1046 2480 Secundae
1065 2405 1262 2501 praesidem,
1285 2406 1369 2479 Cal-

232 2532 395 2625 linicum,
419 2532 505 2628 quia
523 2531 562 2604 in
590 2530 786 2604 homicidas
805 2533 959 2604 Venetos
984 2511 1315 2622 animadvertisset,
1330 2530 1368 2603 in

233 2653 385 2748 crucem,
403 2653 554 2750 jubente
568 2654 763 2747 Theodora,
778 2655 992 2730 connivente
1009 2652 1230 2745 Justiniano,
1251 2663 1370 2728 actum

234 2779 374 2852 nescit?

192 2949 201 2974 ι
283 2913 431 3008 Evagrii
448 2922 569 2986 tamen
589 2922 625 2987 et
642 2913 817 3009 Procopii,
840 2913 1094 2988 Acerdotorum
1114 2913 1307 3010 scriptoria,
1329 2912 1368 2985 in

234 3036 481 3112 Justinianum
500 3036 640 3108 invidia
662 3035 713 3134 (3)
736 3037 900 3109 omnibus
918 3045 1016 3110 nota.

282 3171 516 3246 Marcellinus
547 3180 702 3245 testatur
738 3173 761 3244 J
763 3172 987 3245 ustinianum
1006 3197 1077 3245 non
1097 3172 1150 3245 ita
1170 3173 1368 3244 dementem

231 3295 353 3368 fuisse.
376 3295 552 3391 Namque,
575 3296 697 3367 consul
718 3295 932 3386 declaratus,
957 3323 974 3367 c
1004 3295 1202 3368 insanienti
1235 3293 1368 3390 populo

121 3517 128 3528 ·
232 3443 399 3514 mappam
418 3418 471 3517 (lq)
492 3419 695 3515 denegavit.
732 3446 749 3490 a
786 3419 857 3507 Qui
888 3421 1018 3517 populo
1051 3419 1247 3493 insanienti
1281 3419 1367 3493 adeo
1432 3405 1436 3413 ⁵

233 3540 382 3614 firmiter
413 3541 604 3634 obstiterit,
636 3541 796 3638 hippicos
828 3543 976 3634 furores,
1010 3569 1073 3617 suo
1105 3551 1140 3616 et
1159 3543 1364 3640 reipublicae

234 3662 378 3755 damno,
400 3665 494 3738 alere
514 3673 621 3760 atquc
638 3664 785 3738 irritare
802 3673 895 3738 certe
915 3688 987 3738 non
1005 3665 1135 3762 potuit.

280 3786 408 3859 Patrui
426 3786 563 3862 Justini
581 3786 731 3884 imperio
750 3797 787 3862 et
818 3787 988 3886 potestati
1014 3785 1092 3882 jam
1122 3785 1290 3880 sociatus,
1312 3794 1369 3860 ut·

268 4059 303 4131 (l)
317 4059 511 4116 Proclamat.
526 4075 551 4116 c.
566 4062 592 4131 7,
608 4078 638 4135 p.
654 4061 699 4120 47.

268 4145 305 4215 (8)
319 4145 464 4219 Euagrius,
479 4145 524 4217 IV,
541 4146 584 4211 38,
600 4165 628 4220 p.
644 4147 706 4206 407.

270 4231 305 4299 (3)
322 4230 363 4288 Gi.
377 4232 406 4288 lt.
421 4231 525 4289 Dahn:
546 4235 699 4304 Procopius
713 4249 769 4291 oon
785 4234 920 4302 casarea,
937 4231 976 4302 8⁰,
1000 4231 1104 4303 bediu,
1127 4235 1206 4303 1865,
1220 4253 1248 4310 p.
1273 4235 1324 4297 ³25
1337 4245 1366 4296 et

233 4331 311 4465 seqq).
320 4396 510 4469 Marcellinus,
525 4417 555 4473 p.
570 4399 631 4458 378.
650 4430 680 4441 -
696 4398 750 4467 Qui
763 4398 838 4456 ludis
853 4401 1036 4473 equestribus
1051 4409 1180 4475 praeerat,
1196 4402 1322 4476 projecta
1334 4404 1365 4462 in

237 4499 353 4540 arenam
368 4499 483 4558 mappa,
500 4484 629 4544 ineundo
642 4486 793 4544 certamini
805 4484 923 4542 initium
938 4494 968 4544 et
980 4487 1095 4561 signum
1110 4488 1205 4546 dabat.
