3630 5658
713 603 828 654 cnrur
854 603 901 654 vr.
1325 583 1372 680 95

240 726 296 799 ris
327 727 448 821 vigere
482 725 626 800 videtur
660 727 671 823 t
681 727 727 822 ι).
759 729 892 801 Forsan
927 737 976 820 et,
1004 729 1043 801 in
1074 727 1226 802 feliciori
1253 738 1371 821 rotate,

239 848 465 944 hippicorum
482 856 667 944 poetarum
687 874 775 946 opus
794 851 905 925 fuere.

288 975 364 1047 Hos
384 995 507 1044 versus
526 972 589 1066 qui
608 972 666 1046 dic
685 975 952 1046 ressurectionis
972 975 1106 1048 Christi
1132 976 1374 1048 decantaban-

239 1107 313 1190 tur,
338 1121 359 1169 a
384 1094 569 1190 pindarico
595 1096 700 1190 genio
730 1121 937 1193 quanquam
955 1098 1145 1194 paululum
1169 1099 1372 1194 degeneres,

239 1221 390 1294 laudare
408 1218 538 1290 liceat:

294 1372 310 1414 a
334 1342 404 1430 Qui
431 1365 512 1414 curn
536 1340 645 1414 Patre
664 1341 703 1413 in
722 1351 894 1416 aeternum
913 1354 1052 1439 regnat,
1079 1343 1211 1441 quique
1230 1346 1269 1417 in
1288 1346 1376 1418 ulti-

239 1469 306 1542 mis
338 1475 488 1538 terrenae
521 1465 605 1536 vitae
632 1465 757 1538 diebus
798 1491 878 1541 cum
906 1469 1111 1540 hominibus
1145 1478 1377 1542 conversatus

238 1593 321 1681 fuit,
337 1591 470 1686 quique
483 1588 578 1661 cruci
597 1589 767 1682 alligatus
786 1599 962 1664 tartarum
974 1601 1010 1664 et
1024 1601 1172 1664 mortem
1193 1594 1373 1689 captivam

240 1716 360 1806 duxit,
400 1720 480 1809 post
510 1712 671 1819 triduum
694 1737 880 1809 resurgens
905 1716 1055 1788 mortuis
1083 1717 1377 1790 resurrectionem

240 1843 403 1910 renovat.
440 1834 519 1928 lpse
554 1857 665 1905 cornu
704 1844 880 1925 vestrum,
921 1861 940 1908 o
970 1839 1146 1932 Despotae,
1180 1839 1378 1911 barbaricis

241 1957 383 2055 tropaeis
403 1955 583 2030 exaltabit
604 1955 670 2052 (ν)
696 1983 713 2026 ν
777 2003 780 2010 ‚

289 2081 340 2153 Hi
358 2103 442 2152 vero
462 2078 649 2173 antiquam
668 2079 788 2173 potius
806 2103 1028 2174 paganorum
1043 2083 1237 2156 Hellenum
1261 2109 1380 2180 super·
1436 2145 1440 2154 ,

241 2204 341 2276 biam
371 2226 478 2298 quarn
526 2201 763 2272 recentiorum
795 2202 1078 2296 Byzantinorum
1115 2205 1378 2277 humanitatem

244 2326 430 2399 redolent:
456 2323 560 2410 «Qui
580 2323 701 2417 capita
725 2322 932 2414 draconum,
961 2350 980 2397 o
1006 2327 1154 2422 benigni
1178 2329 1357 2425 principes
1365 2388 1376 2421 ,

243 2451 283 2523 in
312 2447 480 2523 Jordanis
498 2447 644 2519 fluentis
661 2446 845 2537 contrivit,
870 2457 953 2522 ante
985 2424 1091 2544 qiedes
1120 2460 1270 2544 vestros,
1295 2453 1378 2524 bar-

241 2577 411 2646 barorum
424 2570 544 2666 capita
563 2579 726 2643 conterat
746 2569 819 2667 (ql
845 2598 862 2640 u

299 2704 354 2768 12⁰
375 2707 516 2795 Κράντον
536 2703 600 2767 aut
614 2694 783 2784 cantoria,
804 2695 998 2790 composita
1013 2721 1034 2768 a
1048 2706 1153 2792 poeta
1171 2706 1207 2770 et
1221 2698 1376 2788 melista,
1411 2700 1417 2716 ‘

244 2820 436 2893 decantare
461 2817 622 2891 carmina
647 2816 801 2888 officium
827 2815 909 2887 fuit.
938 2816 1118 2902 Quosdam
1137 2843 1261 2892 versus
1280 2821 1377 2892 solus

243 2943 431 3033 recitabat,
462 2949 629 3037 totusque
654 2936 823 3009 factionis
842 2945 922 3028 λαὸς,
948 2939 1023 3010 sive
1051 2941 1216 3034 populus,
1239 2941 1378 3013 eosdem

245 3089 368 3138 vorsus
388 3072 451 3136 aut
470 3070 656 3174 sequentes
674 3060 945 3134 concordi-voce
964 3062 1175 3134 concinebat
1196 3063 1263 3159 (4).

299 3190 355 3262 r3⁰
384 3188 522 3282 Cuique
545 3185 695 3258 factioni
727 3185 903 3256 musicum
932 3209 1119 3280 organum,
1148 3210 1210 3259 seu
1240 3199 1374 3285 ὄργανον,

245 3312 428 3410 proprium
451 3317 540 3400 erat,
559 3316 779 3402 argenteum,
801 3307 958 3404 satisque
977 3309 1182 3404 expeditum
1202 3309 1296 3405 quod
1317 3317 1380 3382 aut

246 3437 285 3508 in
303 3435 417 3524 Circo,
447 3431 493 3507 ad
512 3438 625 3504 metas
643 3430 874 3503 Prasinorum
902 3431 1204 3528 Venetorumque,
1226 3431 1379 3529 depone-

285 3735 321 3804 (i)
334 3732 470 3802 Quamvis
490 3731 648 3805 Byzantios,
674 3729 858 3787 doctissimus
880 3747 977 3787 rerum
997 3729 1380 3802 Constantinopolitanarum

248 3830 378 3900 scriptor,
398 3827 570 3900 hujusmodi
594 3828 719 3900 hymnos
734 3843 764 3883 se
777 3835 962 3884 contemnere
969 3843 1027 3884 non
1036 3827 1215 3895 dissimulat;
1230 3828 1272 3881 καὶ
1284 3824 1382 3889 dnobus

247 3907 334 3985 ὕμνους
352 3898 518 3970 lexoiamar.
534 3913 566 3970 r.
577 3912 597 3978 1,
612 3929 640 3985 p.
655 3911 719 3968 aar.

282 4007 319 4078 (⁸2)
333 3990 355 4061 ὁ
368 4005 481 4081 ἀχρόνως
497 4013 534 4081 τῷ
555 4010 637 4080 Πατρί
654 4002 839 4080 conductitius
854 3992 890 4060 ἔπ’
911 4005 1028 4080 ἐσχάτων
1047 4013 1098 4069 ταῖς
1114 4008 1247 4082 ἀνθρώποις
1262 4015 1382 4081 maratis

244 4113 445 4174 curuararpc'zqa,
458 4121 500 4154 και
511 4101 535 4155 ἰν
551 4119 586 4175 τῳ
601 4120 703 4175 σταυρῳ
717 4120 760 4154 ταν
769 4079 775 4097 ¹
785 4095 852 4176 ᾼδαν
867 4103 908 4156 καὶ
925 4103 1029 4157 Θάνατον
1043 4100 1246 4177 αἰχμαλωτίσας,
1258 4101 1382 4178 σριημὲρῳ

247 4195 325 4251 αὐτοῦ
339 4195 432 4272 ἔνι’ρσεί
448 4203 497 4258 τοῖς
507 4203 599 4272 νεκροῖς
610 4199 657 4258 τὴν
670 4198 810 4251 ἀνάστασιν
824 4196 977 4272 ἔγκαινίζων,
996 4198 1070 4260 αὐτὸς
1088 4200 1118 4254 τὸ
1132 4197 1203 4273 κέρας
1223 4198 1301 4273 ὑμῶν,
1319 4205 1381 4253 Δεσ-

248 4290 335 4363 πὸται,
351 4293 475 4368 &addocet
487 4298 542 4356 ταῖς
555 4295 634 4357 νίκαις
647 4294 714 4350 κατά
724 4292 867 4373 βαρὸάρων.
900 4299 1010 4355 Carina.
1026 4297 1048 4363 Ι,
1065 4295 1094 4362 4,
1108 4312 1137 4370 p.
1153 4296 1196 4353 it.

284 4378 320 4447 (3)
335 4380 408 4436 loto.
422 4379 444 4446 l,
462 4379 487 4447 3,
503 4397 532 4453 p.
547 4380 592 4438 42.

285 4465 322 4533 (4)
337 4465 409 4519 Ibid.
421 4464 444 4533 l,
461 4465 504 4534 38,
521 4482 550 4538 p.
567 4465 634 4534 195;
649 4466 670 4537 1,
687 4465 730 4534 39,
744 4484 773 4540 p.
797 4465 857 4536 ibo,
880 4463 947 4532 200;
966 4464 987 4536 i,
1018 4465 1060 4533 id,
1079 4480 1108 4538 p.
1123 4464 1185 4534 205,
1209 4471 1263 4521 cic.
1287 4493 1317 4506 ·-
1339 4461 1380 4520 Ci.

250 4545 364 4617 Krause,
379 4549 425 4604 dic
437 4549 618 4620 Byzantincr·,
632 4565 661 4620 p.
678 4549 738 4605 itt.
