3630 5658
722 535 837 588 curus
863 537 911 587 vr.
1331 540 1373 612 9¹

297 665 396 762 Lydo
413 669 569 753 auctore,
585 662 680 734 idem
692 671 707 738 ὁ
721 668 871 761 δήμαρχος
886 671 1018 758 atquet
1033 670 1175 762 τριὸοῡνος
1193 663 1293 735 fuere
1313 660 1376 757 (ι).

247 789 365 862 Multa
390 787 498 877 euim,
524 787 563 859 in
593 784 880 860 Coerrhrorziarum
904 787 1010 878 libro,
1038 787 1117 860 loca
1135 786 1377 882 reperiuntur,

247 897 285 986 in
309 912 451 1008 quibua,
466 931 577 1006 quum
589 909 724 983 tribuni
734 911 863 984 titulus
874 911 1099 1000 enuntiatur,
1118 911 1161 984 de
1180 910 1380 984 Demarcho

248 1044 342 1109 carte
363 1035 483 1130 agitur
505 1032 516 1130 (
543 1033 572 1130 ).

296 1173 416 1244 Pauca
453 1168 733 1242 Demarchcrum
774 1170 919 1243 nomina
953 1173 997 1244 ab
1037 1171 1242 1244 auctoribus
1280 1169 1382 1242 uobis

248 1303 402 1369 servata.
423 1293 617 1367 Theodosio
635 1293 672 1366 II
690 1293 914 1388 imperatore,
932 1295 1134 1384 Mandalos,
1149 1294 1379 1412 Venetorum,

250 1415 432 1508 Ch'arsias,
454 1418 686 1489 Prasinorum
705 1417 926 1490 Demarchus
935 1441 946 1506 ;
965 1418 1164 1513 imperante
1191 1415 1380 1504 Mauricio,

250 1543 393 1615 Cosmas
430 1542 668 1629 Venetorum,
715 1539 858 1636 Sergius
892 1541 1123 1613 Prasinorum
1163 1538 1384 1612 Demarchus

250 1666 322 1748 fuit
357 1664 431 1760 (3),
472 1671 647 1757 regnante
678 1652 809 1756 Phooa,
847 1665 1006 1736 Prasiuis
1042 1672 1192 1760 praeerat
1226 1665 1384 1738 Joannes

249 1787 399 1877 Krukis,
418 1786 481 1882 qui
494 1787 612 1876 vivus,
632 1810 726 1858 anno
738 1788 822 1876 603,
841 1790 1044 1862 combustus
1061 1797 1113 1858 est
1122 1812 1132 1878 ;
1152 1786 1384 1881 Theophanes
1484 1856 1489 1870 ,

252 1937 292 1984 ac
310 1909 543 2006 Pamphylos,
561 1933 649 2004 quos
665 1909 818 1982 rusticus
837 1910 1000 2005 princeps
1019 1917 1162 1982 tantum
1174 1931 1245 1981 non
1265 1905 1381 1979 decol-

252 2033 361 2122 lavit,
382 2025 628 2104 instaurandis
646 2031 821 2120 mceuibus
839 2031 1011 2128 praefuere
1031 2031 1094 2128 (7)).

300 2167 338 2238 3⁰
365 2168 415 2239 Ut
446 2166 581 2238 caeteris
605 2165 772 2262 Byzantii
797 2165 1027 2259 magnatibus
1046 2188 1132 2236 suus
1158 2165 1287 2260 cuique
1322 2173 1386 2237 aut

253 2293 422 2388 δευτερεύων
453 2296 516 2360 aut
545 2298 744 2384 repetereter
764 2295 842 2358 erat
871 2287 935 2384 (5),
958 2287 1011 2359 ita
1028 2287 1226 2360 Demarcho
1258 2287 1387 2382 cuique

255 2437 338 2484 suus
379 2412 451 2484 fuit
489 2415 702 2483 neaeereuon
732 2437 743 2490 ,·
783 2410 923 2482 minimi
965 2434 1050 2482 saue
1088 2409 1257 2482 momenti
1303 2433 1384 2505 per·

254 2560 367 2608 sona:
397 2559 481 2607 nam
511 2534 556 2605 ad
575 2534 736 2605 infimum
755 2534 975 2629 dignitatum
994 2534 1157 2628 gradum,
1175 2533 1383 2630 hypatorum

253 2659 404 2748 scilicet,
441 2658 515 2729 sive
552 2656 758 2746 consulum,
797 2657 1001 2750 pertinebat
1045 2653 1111 2751 (6).
1155 2654 1223 2726 Sex
1258 2664 1294 2727 et
1326 2656 1388 2728 tri·

250 2783 353 2877 ginta
382 2782 588 2854 aomztmara
614 2805 677 2877 pro
701 2778 954 2869 consuetudrire,
980 2779 1019 2851 in
1043 2777 1213 2874 cujusque
1238 2777 1411 2882 Patricii

249 2904 482 3000 promotione,
506 2903 705 2997 accipiebat
723 2902 967 2975 Demarchus:
990 2925 1101 2973 unum
1121 2909 1266 2973 tantum
1287 2902 1384 2973 Deu-
1494 2895 1504 2968 ’.

248 3036 397 3101 tereuon
420 3027 487 3125 (7).

298 3167 335 3250 d⁰
365 3159 596 3237 Gr'tom'orelroe
619 3161 694 3234 sive
721 3161 916 3258 Repronum
940 3158 1114 3257 capitanei
1137 3160 1201 3230 sub
1230 3158 1386 3253 Eparchi

249 3285 493 3380 dispositione,
522 3283 616 3355 idem
641 3307 682 3356 ao
701 3286 765 3355 sub
784 3281 977 3355 Demarohi
996 3280 1226 3377 dispositione
1245 3281 1385 3354 stetisse

247 3407 476 3502 reperiuntur
500 3407 564 3502 (ὃ).
582 3406 778 3502 Utriusque
797 3405 910 3500 igitur
928 3402 1033 3504 officii
1061 3404 1136 3478 sive
1167 3411 1274 3492 ταῒεως
1302 3428 1386 3500 pars

249 3540 365 3604 erant.

284 3816 321 3886 (1)
335 3815 442 3890 Lydus,
457 3813 656 3884 (tridentibus,
673 3815 720 3884 IV,
733 3815 778 3884 25,
794 3832 822 3888 p.
840 3815 884 3872 65.

283 3899 321 3968 (7)
335 3901 448 3957 Oarim.
464 3898 484 3966 1,
501 3891 544 3964 69',
563 3914 591 3970 p.
610 3897 673 3969 312,
687 3914 716 3969 p.
733 3897 794 3954 331.

284 3985 320 4053 (3)
334 3982 468 4046 dadinus,
484 3984 517 4037 dc
530 3984 605 4051 adis.
620 4000 649 4055 p.
662 3983 724 4040 2‘28.
739 4013 769 4024 -
785 3983 915 4055 Theoph.
931 3983 1097 4050 Simocutta,
1111 3981 1183 4050 Vlll,
1196 3985 1222 4056 7,
1238 4001 1265 4058 p.
1284 3983 1345 4040 3⁶27.

283 4066 321 4134 (4)
334 4064 464 4138 Theoph.
485 4081 511 4121 a.
529 4063 609 4134 6099,
626 4083 654 4138 p.
666 4065 726 4123 454.
743 4097 774 4108 -
791 4065 888 4124 Codin.
903 4066 1016 4136 deosne.
1034 4082 1059 4125 e.
1075 4067 1100 4138 6,
1122 4066 1166 4133 77,
1185 4067 1220 4124 de
1238 4084 1296 4128 xrvr
1311 4083 1378 4124 saec.

247 4148 425 4207 Demarchis.

283 4235 319 4302 (5)
333 4235 445 4290 carim.
459 4232 491 4293 11.
509 4232 552 4300 52,
568 4249 597 4305 p.
613 4232 675 4309 715.

283 4318 319 4386 (5)
332 4317 404 4372 luto.
421 4315 454 4384 11,
470 4315 515 4384 5‘2,
529 4333 557 4388 p.
575 4315 636 4371 737.

283 4405 321 4473 (7)
337 4404 409 4459 thid.
426 4401 459 4467 ll,
475 4402 521 4459 55.

284 4489 321 4559 (8)
337 4488 410 4544 leid.
423 4486 457 4555 ΙΙ,
473 4487 517 4557 57,
531 4504 559 4562 p.
574 4485 636 4554 717,
653 4486 714 4546 720.
