3630 5658
731 533 852 586 aanor
877 535 913 585 v.
1270 499 1272 506 ’
1344 511 1389 609 73

255 661 461 758 Byzantinos
491 662 536 732 ad
562 661 846 756 Hippodromum
871 662 1071 757 pertinent,
1099 661 1193 734 idem
1219 659 1383 756 princeps

255 785 331 880 ipse
350 785 491 879 scripsit
511 784 522 881 (
549 783 577 880 ).

217 909 222 917 ’
302 908 521 1002 Nicephorus
540 909 676 981 Phocas
704 908 743 980 in
767 907 1010 1002 Hippodromo
1029 930 1199 1003 magnum
1227 906 1392 1002 praelium

253 1031 347 1104 inter
380 1032 511 1104 milites
535 1033 743 1105 simulatum
766 1031 974 1105 ostentavit.
1011 1031 1078 1103 Sed
1105 1032 1200 1126 apud
1231 1031 1392 1103 imbelles

177 1173 201 1256 J
254 1153 473 1250 Byzantinos
494 1153 682 1225 admiratio
714 1154 753 1226 in
784 1161 955 1224 terrorem
982 1153 1140 1224 breviter
1158 1176 1261 1224 versa
1283 1176 1290 1224 :
1313 1153 1392 1248 gla-

255 1277 464 1370 diorumque
484 1276 624 1370 fulgore
643 1284 679 1347 et
703 1275 861 1347 militum
881 1275 1034 1369 strepitu
1053 1299 1296 1371 concursuque
1312 1298 1392 1369 per-

254 1398 441 1487 timefacti,
472 1405 576 1469 tanta
596 1398 825 1470 festinatione
844 1399 883 1469 in
903 1397 1026 1492 fugam
1046 1406 1200 1472 ruerunt
1219 1399 1325 1487 cirea,
1348 1406 1390 1470 ut

255 1521 454 1594 conculcati
473 1521 579 1592 multi
596 1544 636 1593 ac
655 1521 819 1593 suffocati
838 1520 1011 1615 perierint
1033 1520 1099 1618 (2).
1142 1597 1144 1604 ,
1204 1511 1211 1528 ’

306 1644 583 1718 Constantinum
614 1644 704 1716 VIII
737 1643 957 1715 unanimiter
988 1652 1149 1715 auctores
1180 1642 1390 1738 corripiunt,

255 1768 351 1864 quod
371 1767 515 1861 aurigas
529 1774 565 1837 et
584 1766 708 1838 mimos
726 1767 809 1860 plus
827 1786 929 1859 aequo
952 1765 1139 1837 amaverit.

302 1893 335 1964 Α
355 1891 503 1986 septimo
522 1891 635 1984 igitur
658 1891 798 1979 saeculo,
816 1914 932 1985 pauca
959 1892 1002 1962 de
1029 1890 1273 1984 Hippodromo
1298 1888 1394 1984 apud

256 2017 443 2111 scriptores
469 2014 688 2108 reperimus3
711 2015 880 2109 pauciora
908 2014 950 2086 de
970 2014 1119 2088 Venetis
1144 2037 1184 2084 ac
1207 2012 1367 2085 Prasinis
1380 2036 1390 2102 3

256 2140 330 2212 fere
358 2139 459 2210 nulla
479 2138 522 2209 de
541 2137 739 2209 factionum
758 2136 992 2208 seditionibus
1020 2144 1084 2207 aut
1102 2135 1270 2207 motibus
1295 2136 1392 2207 Adeo

257 2261 434 2334 terribilia
449 2261 515 2331 illa
533 2267 606 2358 μέρη
625 2267 862 2333 evanuerant.

312 2385 448 2470 Quibus
482 2385 598 2457 causis
624 2384 891 2479 Hippodromus
917 2392 990 2455 tam
1018 2382 1121 2455 brevi
1149 2389 1307 2478 tempore
1332 2405 1397 2477 pa-

256 2517 358 2582 catus
378 2507 594 2603 elanguerit,
611 2507 795 2602 inquirere
815 2507 967 2579 nuncin
988 2506 1106 2578 animo
1127 2513 1192 2578 est.
1295 2553 1297 2557 -

305 2786 336 2858 I.
359 2784 562 2856 -Arabes
593 2783 751 2856 Romano
778 2783 932 2879 Imperio
963 2782 1236 2873 Alexandriam,
1268 2782 1394 2854 Antio-

253 2910 383 2999 chiam,
416 2909 577 2998 Tarsum,
610 2907 770 2978 omnium
800 2907 994 2979 civitatum
1014 2906 1194 3002 quondam
1211 2907 1394 2978 turbulen-

250 3033 406 3105 tissimas
426 3031 598 3125 eripuere.
621 3031 722 3102 Inter
740 3030 869 3101 harum
887 3037 922 3100 et
946 3029 1064 3123 Regiae
1083 3028 1191 3102 Urbis
1214 3029 1388 3102 factiones

254 3161 362 3250 rupta
387 3153 500 3247 igitur
519 3150 678 3224 uincula.
711 3152 867 3224 Multum
893 3151 1015 3247 itaque
1034 3151 1166 3224 virium
1187 3152 1388 3247 Byzantina

251 3277 330 3373 ipsa
348 3284 421 3376 μέρη
439 3276 587 3348 amisere
597 3299 608 3364 3
626 3299 691 3347 nec
700 3273 778 3367 jam
795 3299 815 3345 a
830 3282 1038 3347 caeterarnm
1060 3274 1249 3348 civitatum
1264 3275 1396 3346 tumul·

138 3405 142 3418 ’
253 3399 349 3474 tibus
368 3399 538 3488 excitata,
559 3397 668 3492 sopiri
686 3405 801 3492 coepta
822 3404 921 3470 sunt.

301 3668 349 3740 Il.
376 3710 425 3721 —
452 3668 747 3758 Venetianorum,
785 3665 1041 3756 Genuensium,
1077 3665 1387 3756 Amalfitancrum,

252 3791 475 3881 Pisanorum,
504 3799 779 3886 caeterorumque
798 3791 1028 3880 Francorum,
1055 3789 1195 3863 Galatae
1215 3813 1255 3862 ac
1274 3789 1387 3881 Perae,

251 3913 290 3985 in
310 3914 469 4009 antiquis
482 3914 556 3992 illis
570 3914 787 3986 Venetorum
802 3936 843 3985 ac
862 3886 1093 4002 Prasinolum
1113 3912 1267 4003 sedibuS,
1283 3895 1391 4007 impe·

252 4043 412 4110 ratorum
428 4031 614 4131 permissu,
635 4034 792 4108 crebrius
810 4035 986 4110 institutae
998 4036 1156 4126 coloniae,
1176 4036 1265 4108 alias
1284 4059 1388 4109 curas

288 4318 323 4386 (l)
338 4315 377 4370 nl.
394 4326 526 4371 nostrum
540 4313 644 4370 librum
660 4315 709 4386 qui
722 4313 891 4371 inscribitur
907 4335 914 4369 :
939 4314 1082 4385 L’nmprra
1102 4313 1170 4370 Grec
1188 4329 1226 4369 cu
1241 4314 1274 4369 l·
1288 4314 1387 4369 attola:

253 4403 420 4464 constance
436 4401 483 4454 Vll
497 4400 748 4469 Porphyroqcnete,
762 4416 827 4473 pars
840 4399 873 4468 ll,
891 4415 954 4472 cap.
969 4397 1038 4455 Vlll.

288 4497 325 4566 (2)
339 4497 394 4554 Leo
408 4495 557 4558 Diaconos,
569 4493 616 4564 Vl,
632 4494 658 4561 6,
675 4511 704 4566 p.
719 4495 762 4551 63.
