3630 5658
673 893 827 967 CAPUT
853 895 916 966 IV.

356 1113 404 1163 nu
428 1100 553 1192 τὰμέρη
580 1113 780 1166 nnnmrosm
807 1112 1000 1165 anemonas
1027 1090 1217 1163 nunnius?

279 1351 328 1424 Ut
343 1374 417 1423 non
427 1351 563 1443 civiles,
575 1351 629 1424 ita
637 1376 701 1426 nec
710 1353 884 1448 religiosae
892 1360 1007 1452 τὰμέρη
1016 1351 1190 1425 factiones
1200 1351 1360 1424 fuerunt.

277 1474 387 1547 Multi
405 1473 584 1547 credidere
603 1476 756 1550 Venetos
776 1476 1006 1567 orthodoxiae,
1034 1474 1201 1548 Prasin'os
1224 1473 1363 1547 hetero-

229 1597 344 1671 doxiae
362 1598 602 1692 patrocinium
622 1598 813 1692 suscepisse
837 1597 847 1694 (
874 1599 900 1695 ).

277 1721 326 1794 Aa
344 1719 453 1814 hujus
467 1721 563 1794 modi
582 1721 742 1816 opinioni
761 1745 816 1794 res
835 1744 906 1793 non
926 1728 1140 1816 congruunt.

278 1967 309 2038 Ι.
330 2009 380 2020 -
397 1969 439 2040 In
460 1968 600 2062 quinto,
629 1976 728 2041 sexto
756 1967 865 2041 etiam
893 1968 1035 2058 saeculo,
1056 1963 1277 2062 praecipuum
1303 1971 1366 2037 aut

228 2089 419 2186 EutychiS,
439 2098 502 2162 aut
521 2091 856 2187 Monophysitarum
878 2093 1048 2164 haereseos
1069 2090 1238 2162 adversus
1251 2089 1367 2162 ortho-

231 2212 375 2284 doxiam
394 2222 572 2286 certamen
592 2214 676 2286 fuit.
701 2213 923 2310 Quicumque
941 2214 1055 2309 igitur
1076 2212 1271 2306 imperator
1293 2212 1366 2285 Eu·

232 2334 329 2430 tyohi
374 2345 437 2408 aut
473 2336 735 2432 Monophysitis
772 2337 935 2428 studuit,
969 2344 1006 2409 et
1040 2336 1200 2408 Prasinis
1245 2335 1368 2407 favere

231 2458 411 2531 debuisset
416 2481 426 2549 3
444 2459 657 2554 quicumque
672 2483 755 2562 vero
766 2461 984 2534 orthodoxus
999 2459 1083 2541 fuit,
1101 2458 1140 2530 in
1152 2459 1369 2533 Venetorum

230 2589 349 2676 partes
374 2581 554 2653 debuisset
579 2582 767 2676 inclinare.

280 2701 496 2776 Theodosius
515 2704 552 2775 ΙΙ
568 2727 654 2776 sane
671 2712 779 2799 atque
792 2704 968 2795 Eudokia,
985 2711 1020 2777 et
1033 2703 1071 2776 in
1082 2705 1366 2801 Monophysitas,

231 2833 267 2898 et
292 2827 330 2898 in
350 2826 530 2916 PrasinoS,
547 2827 715 2922 propensi
742 2827 842 2900 fuere
856 2852 866 2919 3
896 2827 1087 2899 Pulcheria
1120 2835 1238 2899 autem
1264 2835 1370 2921 atque

230 2949 448 3040 Marcianus,
462 2958 497 3020 et
509 2950 681 3040 PrasiniS,
699 2957 735 3022 et
745 2949 1021 3045 Monophysitis,
1036 2949 1175 3021 inimici
1190 2950 1370 3022 exstitere.

280 3075 328 3147 At
351 3075 422 3146 Leo
442 3075 473 3164 I,
499 3075 660 3169 apprime
683 3074 903 3146 orthodoxus
919 3074 1096 3169 princepe,
1119 3074 1239 3169 quiin
1261 3075 1372 3146 haere-

230 3199 317 3270 ticos
337 3197 526 3269 soevissime
541 3198 864 3287 animadvertebat,
882 3197 1015 3291 quique
1029 3198 1278 3270 Alexandrina
1290 3198 1371 3271 sede

231 3322 466 3412 Timotheum,
490 3321 690 3393 Antiochea
709 3323 854 3393 Petrum
874 3321 1060 3393 Fullonem
1080 3322 1205 3412 movit,
1228 3322 1266 3394 in
1294 3346 1371 3394 ma.-

233 3445 331 3516 xima
349 3447 467 3541 gratia
487 3446 582 3541 apud
602 3445 742 3526 cosdem
762 3443 931 3516 Prasinos
950 3444 1033 3515 fuit.

282 3568 393 3640 Paulo
413 3576 505 3664 post,
522 3569 592 3640 duo
612 3569 848 3663 Imperatores
861 3567 904 3640 de
919 3566 1067 3662 imperio
1087 3567 1368 3639 contendebant:

233 3693 326 3765 Zeno
341 3692 477 3765 scilieet
495 3692 570 3789 qui,
588 3693 764 3789 Byzantio
778 3694 915 3789 pulsus,
934 3689 1029 3785 apud
1048 3691 1190 3762 Isauros
1208 3689 1373 3784 confuge·

232 3823 302 3906 rat,
332 3824 368 3887 et
393 3815 585 3888 Basiliscus
619 3816 681 3910 qui
711 3817 844 3888 Urbem
872 3823 908 3886 et
930 3813 1113 3886 Palatium
1143 3821 1178 3886 et
1201 3813 1371 3885 thronum

232 3940 441 4033 occupabat.
459 3940 552 4011 Zeno
571 3939 731 4011 haeresim
753 3938 1021 4033 aliquantulum
1039 3938 1244 4028 redolebat;
1274 3937 1373 4008 Basi-

211 4060 339 4133 -lisous
359 4068 490 4150 autem,
512 4061 635 4134 haeresi
650 4060 758 4157 plane
772 4060 921 4133 devotus
937 4085 978 4132 ac
997 4060 1148 4150 dicatuS,
1171 4062 1369 4157 Monophy-

232 4183 338 4255 sitam
366 4207 402 4257 se
422 4191 543 4279 aperte
562 4183 748 4274 exhibuit,
768 4183 955 4256 Fullonem
973 4182 1210 4279 AElurumque
1234 4183 1273 4254 in
1292 4183 1369 4256 An-

269 4453 303 4523 (1)
318 4453 364 4512 Sic
376 4452 525 4522 Batonius,
540 4453 575 4510 ad
588 4470 698 4512 annum
713 4454 775 4522 501,
793 4453 853 4510 4-6.
1182 4541 1197 4592 Β
