3630 5658
441 535 489 632 76
726 554 773 604 on
799 551 1029 604 orncuusmus
1055 543 1324 604 rncrrorunus‘
1377 565 1379 570 .
1407 520 1411 526 ’

437 679 680 776 Imperatoriis
700 677 985 765 mandatoribus,
1007 676 1162 749 maximo
1181 677 1306 772 populi
1333 677 1476 771 plausu,
1512 700 1577 748 au-

438 803 524 897 rigae
549 801 808 898 investiuntur,
843 824 914 876 non
941 797 1018 892 jam
1048 801 1193 895 propria
1229 800 1398 872 investito
1445 801 1578 894 aurigae

439 933 614 998 manent:
639 925 785 1019 publica
804 930 901 1014 sunt,
931 928 1052 1021 δημόσια
1081 923 1323 1018 appellantur,
1353 923 1579 1019 repositoque

439 1046 666 1120 infectionis
692 1046 875 1138 vestiario,
913 1048 956 1117 ab
989 1047 1134 1120 officiali
1158 1048 1325 1142 quodam,
1364 1047 1422 1120 cui
1450 1070 1606 1124 nomen.

439 1181 596 1269 ὁᾶργυρος
617 1182 668 1245 τοῦ
691 1175 821 1264 βεστὶου,
855 1169 1119 1241 custodiuntur.
1158 1170 1292 1242 Eadem
1311 1169 1480 1265 insignia,
1515 1194 1577 1265 per

440 1295 574 1366 multas
593 1293 854 1388 generationes,
876 1292 1002 1386 auriga
1015 1293 1147 1386 aurigae
1155 1293 1280 1364 tradit.

490 1418 564 1514 Ipsi
593 1415 778 1500 demarchi,
803 1422 845 1486 ut
869 1414 1022 1508 primum
1048 1415 1091 1485 ab
1123 1415 1342 1508 Imperatore
1372 1415 1410 1487 in
1437 1415 1577 1488 demar-

442 1540 561 1614 chiam
588 1539 752 1634 promoti,
777 1537 995 1631 assignatam
1006 1537 1213 1609 demarchis
1239 1546 1372 1610 vestem
1401 1540 1445 1610 ab
1476 1545 1577 1611 ante-

379 1711 381 1716 ·
442 1663 637 1738 cessoribus
658 1659 857 1756 repetunt(
885 1659 913 1754 l.

491 1788 566 1860 Nec
587 1785 789 1868 istiusmodi
809 1783 1103 1855 vestimentorum
1125 1784 1226 1880 copia
1252 1792 1341 1856 erat.
1364 1784 1470 1856 Anno
1489 1783 1575 1880 946,

445 1910 533 1982 actis
552 1909 781 1997 circensibus,
798 1932 867 2002 quo
893 1907 1007 2002 magis
1027 1908 1260 2001 presentibus
1279 1908 1459 1980 Arabibus
1484 1907 1578 1994 oculi

444 2035 791 2131 praestringerentur,
825 2033 942 2104 omnis
963 2033 1256 2104 vestimentorum
1282 2033 1442 2127 supellex
1461 2016 1480 2103 e
1499 2054 1577 2102 ves-

444 2157 562 2233 tiariis
590 2157 823 2253 depromitur.
855 2145 1019 2242 Quatuor
1046 2155 1261 2251 primatibus
1290 2156 1424 2250 aurigis
1450 2162 1578 2228 aurata

367 2302 371 2307 ’
446 2277 595 2354 demosia
606 2301 616 2368 ;
659 2287 813 2372 quatuor
843 2277 1058 2372 primatibus
1089 2277 1250 2371 bigariis,
1278 2278 1430 2372 reliqua,
1461 2278 1581 2350 minus

447 2410 587 2492 aurata,
610 2401 766 2473 demosia
776 2425 786 2491 3
803 2401 938 2473 caeteris
958 2401 1123 2472 omnibus
1148 2402 1371 2496 gymnastico
1396 2410 1432 2472 et
1450 2402 1582 2473 viliora

446 2525 660 2598 vestimenta
679 2524 920 2618 assignantur.
943 2525 1060 2596 Tanta
1079 2525 1232 2597 vestium
1242 2524 1398 2618 penuria
1412 2531 1490 2596 erat
1503 2522 1552 2620 (2)
1569 2525 1577 2594 l
1638 2503 1640 2508 ⁵

494 2648 516 2721 J
520 2671 589 2738 am,
607 2653 649 2717 ut
667 2646 932 2740 Hippodromus
953 2644 1090 2744 aliquid
1114 2646 1259 2742 pristini
1279 2647 1475 2741 splendoris
1493 2647 1581 2720 reti-

352 2851 355 2855 ,
447 2777 559 2860 neret,
583 2770 795 2864 templorum
820 2774 1031 2844 ornamenta
1054 2766 1100 2837 ad
1123 2766 1218 2840 Circi
1243 2777 1491 2841 ornamentum
1518 2769 1581 2866 ad-

446 2891 568 2967 hibere
587 2899 737 2987 oportet.
774 2890 856 2964 Sola
882 2891 977 2962 enim
1005 2891 1163 2996 Ecclesia
1191 2892 1230 2963 in
1250 2893 1496 2964 communibus
1516 2915 1581 2962 an-

446 3015 574 3110 gustiis
592 3014 777 3110 opulentia
804 3014 960 3110 quadam
979 3014 1122 3087 renitet.
1152 3014 1450 3094 Monasteriorum
1469 3014 1583 3109 igitur

430 3146 483 3218 ,pt
500 3137 713 3232 templorum
728 3137 882 3231 pretiosa
896 3159 996 3226 vasa,
1013 3135 1185 3230 pretiosas
1199 3144 1326 3226 vesteS,
1350 3137 1578 3227 camdelabra,

447 3269 634 3356 argenteas
653 3267 811 3350 catenas
833 3261 927 3354 ipsos
943 3260 1053 3333 etiam
1072 3260 1198 3354 Hagiae
1219 3261 1356 3356 Sophiae
1376 3269 1412 3334 et
1430 3261 1582 3336 Sancto·
1637 3359 1641 3365 Ι

445 3407 525 3456 rum
544 3384 795 3478 Apostolorum
814 3362 989 3475 cantores,
1013 3385 1059 3456 ad
1082 3385 1339 3476 sustinendam,
1363 3411 1481 3461 coram
1497 3390 1581 3460 bar-

446 3506 544 3580 baris
564 3513 670 3601 atque
688 3505 904 3595 infidelibus,
923 3497 1067 3602 imperii
1085 3507 1311 3602 dignitatem,
1339 3509 1582 3606 Hippodromo

448 3628 604 3708 Ecclesia
631 3629 830 3701 commodat
854 3627 918 3726 (3).
952 3629 1061 3702 Multi
1093 3630 1201 3706 etiam
1235 3639 1396 3705 auctores
1421 3633 1582 3706 Alexan-

448 3753 551 3823 drum
579 3759 615 3824 et
641 3751 919 3826 Constantinum
936 3753 1020 3844 VII,
1055 3753 1151 3849 quod
1177 3753 1376 3827 infidelium
1399 3756 1584 3830 obtutibus

449 3898 549 3953 sacra
567 3875 846 3968 prostituisscnt,
862 3876 1083 3972 gravissimis
1100 3878 1218 3949 verbis
1236 3879 1436 3974 corripiunt
1466 3878 1530 3976 (A).

497 3998 730 4070 Evanuerant
766 3998 832 4070 illa
862 4006 1034 4093 tempora,
1070 3998 1200 4094 quibus
1232 3997 1472 4091 lustinianus,
1509 4024 1584 4073 una

485 4254 522 4324 p)
538 4254 646 4311 carm.
659 4251 679 4318 1,
701 4250 744 4322 55,
761 4268 789 4323 p.
804 4250 867 4307 an.

487 4338 523 4408 (a)
539 4339 611 4396 reta.
625 4336 658 4406 u,
674 4336 716 4403 15,
731 4352 761 4408 p.
777 4335 839 4392 ssa.

488 4423 522 4494 (3)
536 4425 608 4479 roco.
625 4439 652 4494 p.
669 4420 730 4477 591.

486 4506 522 4576 (4)
536 4505 667 4578 Theoph.
681 4506 764 4564 dont.
773 4503 804 4562 in
812 4503 979 4576 Alexandro,
993 4521 1017 4562 c.
1028 4505 1054 4571 l,
1069 4521 1097 4578 p.
1109 4504 1206 4564 ata-
1216 4505 1318 4582 Glycas
1331 4507 1362 4564 in
1375 4507 1468 4566 donst.
1480 4496 1581 4582 Porph.
