3630 5658
436 521 481 589 88
717 538 763 587 na
790 534 1018 588 ornonnsraus
1044 535 1288 587 anonomaos.

482 664 520 736 3⁰
540 663 674 736 Omitto
707 663 822 734 multa
856 667 1041 732 auctorum
1071 661 1206 749 looa‚a
1238 660 1380 734 Reiskio
1411 662 1566 734 studiose

434 787 597 875 collecta,
617 792 800 880 repetere:
830 783 926 856 unde
945 789 1045 878 patet
1077 783 1171 856 cives
1200 806 1336 878 semper
1370 809 1391 856 a
1424 783 1566 858 demotis

435 909 593 983 diversos
611 908 719 980 fuisse
741 907 752 1004 (
782 906 808 1004 l.

482 1037 519 1120 [2⁰
539 1034 581 1105 In
603 1031 785 1105 Philothei
810 1029 1038 1128 Gletorolopio
1068 1030 1132 1127 (2),
1154 1031 1193 1102 in
1213 1055 1282 1126 quo
1302 1055 1423 1106 omnes
1452 1031 1565 1106 Sacrae

432 1154 653 1228 Hierarchiae
683 1153 863 1243 officiales
899 1178 920 1224 a
944 1153 1099 1225 maximo
1128 1152 1173 1225 ad
1203 1154 1389 1226 minimum
1421 1180 1565 1227 enume-

432 1287 573 1367 rantur,
593 1288 618 1351 οἱ
634 1282 753 1372 δημόται
773 1276 834 1348 sod
853 1299 926 1346 non
944 1286 969 1350 οἱ
987 1282 1102 1352 allam
1116 1284 1384 1371 nuncupantur.
1402 1277 1477 1367 Illi,
1494 1303 1564 1349 non

432 1401 483 1491 hi,
506 1402 610 1473 dictae
629 1400 849 1472 Hierarchiae
868 1407 987 1494 partes
1005 1407 1109 1471 erant
1132 1399 1197 1496 (3).

484 1523 519 1596 5⁰
539 1526 582 1597 ln
613 1531 712 1596 sexto
749 1524 890 1613 saeculo,
929 1549 1040 1618 quum
1076 1524 1292 1595 circensibus
1321 1524 1565 1598 simultatibus

432 1647 641 1722 universum
685 1647 874 1743 imperium
916 1647 1205 1738 comedebatur,
1254 1656 1360 1742 atque
1400 1672 1475 1720 una
1508 1649 1565 1719 die
1670 1681 1677 1700 ν

322 1847 353 1866 Ι,
432 1773 590 1868 quinque
618 1779 655 1842 et
680 1771 833 1866 triginta
866 1779 930 1841 aut
955 1771 1197 1865 quadraginta
1220 1770 1354 1842 civium
1383 1770 1499 1842 millia
1526 1771 1565 1841 in

432 1894 674 1989 Hippodromo
693 1892 982 1982 trucidabantur,
1003 1893 1041 1962 in
1054 1893 1241 1986 utriusque
1255 1891 1423 1964 factionis
1439 1895 1566 1964 charta

440 2016 501 2087 vix
528 2015 597 2088 duo
629 2014 745 2087 millia
768 2021 803 2086 et
828 2015 1084 2109 quadringenti
1102 2021 1221 2114 δημόται
1238 2015 1400 2111 inscripti
1418 2016 1567 2112 reperie-

432 2140 567 2211 bantur
590 2137 654 2234 (d).

481 2262 518 2332 6⁰
538 2261 603 2332 Hae
623 2259 755 2332 chartae
772 2260 907 2332 decimo
927 2260 1036 2331 etiam
1054 2261 1180 2332 saeculo
1198 2261 1236 2331 in
1249 2284 1317 2332 usu
1332 2268 1446 2332 erant.
1467 2261 1565 2333 Sacri

431 2383 799 2484 Palatii'Praepositus
825 2382 1019 2453 civicorum
1038 2383 1183 2454 illorum
1215 2383 1371 2454 militum
1407 2383 1567 2480 (politiora
1669 2433 1672 2442 ·

433 2506 555 2604 toreis)
586 2507 743 2580 nomina¹
758 2506 796 2577 in
817 2507 989 2578 laterculo
1000 2507 1174 2600 quodam,
1197 2516 1224 2582 ἐν
1252 2513 1381 2595 addaiu,
1413 2508 1507 2601 apud
1531 2531 1567 2579 se

434 2633 659 2722 asservabat3
678 2631 777 2732 aliud
795 2638 913 2702 autem
932 2630 1146 2702 laterculum
1164 2632 1202 2702 in
1223 2639 1353 2703 secreto
1367 2630 1469 2721 lucei,
1491 2631 1566 2702 sive

432 2756 496 2829 Rei
512 2755 681 2844 Privatae,
698 2754 921 2826 retinebatur
940 2778 947 2825 :
966 2755 1005 2826 in
1021 2779 1090 2849 quo
1105 2754 1192 2850 quid
1207 2755 1334 2848 cuique
1348 2753 1489 2825 demorsa
1503 2779 1565 2848 pro

433 2903 516 2978 rapa
531 2880 728 2951 debebatur
747 2878 861 2972 legere
875 2885 965 2967 erat,
982 2877 1113 2972 quique
1127 2883 1301 2976 ἀκρὸστιχον
1316 2898 1363 2961 τῆς
1376 2884 1463 2976 ῥὲγας
1479 2902 1568 2948 nun-

433 3007 645 3100 cupabatur.
680 3004 786 3074 Hanc
808 3025 927 3098 rapum
953 3003 1167 3097 Praepositus
1192 3003 1230 3074 in
1256 3003 1408 3098 propriis
1432 3004 1566 3074 aedibus

433 3127 575 3201 damulis
600 3129 783 3220 erogabat,
811 3134 854 3197 ut
877 3126 1068 3220 diligenter
1092 3126 1206 3197 officio
1226 3126 1472 3198 incumberent
1490 3127 1567 3197 hor-

432 3253 592 3339 tabatur,
630 3274 650 3320 a
679 3247 900 3322 chartulariis
924 3248 1112 3342 utriusque
1148 3248 1314 3320 factionis
1342 3249 1565 3344 peccantium

433 3373 580 3444 nomina
626 3370 774 3442 inscribi
811 3368 975 3461 jubebat.
1022 3370 1059 3442 Si
1099 3371 1179 3466 quis
1221 3395 1266 3442 ex
1306 3371 1448 3444 demotis
1488 3372 1566 3442 vita

432 3495 622 3568 defunctus
645 3492 775 3581 fuerat,
803 3492 988 3586 Praepositi
1011 3501 1047 3564 et
1073 3493 1225 3565 officium
1249 3503 1284 3566 et
1305 3494 1445 3566 luorum
1471 3503 1560 3583 erat,

432 3618 543 3689 alium
562 3615 600 3687 in
619 3615 779 3687 defuncti
798 3615 914 3688 locum
933 3616 1160 3688 substituere.

480 3740 573 3813 Nam
588 3738 722 3810 decimo
738 3737 864 3809 saeculo
884 3737 922 3809 in
937 3736 1093 3808 factione
1107 3760 1249 3831 quaque
1269 3762 1437 3811 numerus
1456 3738 1566 3811 demo-

430 3875 545 3936 turum
563 3862 685 3933 finitus
710 3860 992 3950 erat3-defuncti
1015 3861 1185 3932 successio
1213 3862 1336 3956 magni
1363 3865 1561 3934 emebatur.

470 4155 505 4221 (l)
519 4153 611 4220 lleisk,
624 4155 697 4209 Nora
711 4156 749 4210 ad
763 4157 874 4212 Oarion.
890 4173 917 4228 p.
934 4155 980 4213 28.
1438 4212 1442 4219 ,

465 4237 501 4308 tbp
515 4236 595 4304 Quod
609 4238 639 4292 in
655 4240 763 4294 Oarim.
779 4238 812 4305 ll,
828 4239 872 4308 5‘2,
887 4239 1033 4310 integrum
1047 4239 1252 4310 transcriptum
1267 4246 1406 4295 servator.

464 4323 502 4391 (3)
516 4325 626 4382 darirn.
643 4321 676 4385 ll,
693 4322 736 4392 52,
751 4340 778 4394 p.
795 4323 847 4379 7ἳο
861 4331 889 4379 et
904 4323 965 4380 738.

465 4406 500 4474 (l)
515 4407 555 4462 cl.
576 4423 640 4478 pag.
656 4406 699 4462 33.
717 4439 747 4447 -
762 4407 887 4464 Codinos
902 4417 966 4464 octo
982 4407 1073 4463 millia
1091 4405 1270 4463 demotarum
1289 4405 1449 4478 imperanto
1468 4405 1564 4460 Theo·

428 4489 506 4546 dosio
520 4489 542 4545 ll
556 4489 645 4546 luisse
659 4497 789 4547 testatur.
