3630 5658
714 528 828 578 cnrur
855 529 903 578 rr.
1315 535 1373 580 ior

297 655 455 740 «Quum
484 641 713 727 serenatura
738 655 976 752 Porphyrium
999 656 1148 750 peperit,
1172 657 1245 728 tale
1260 655 1379 749 jusju-

244 778 409 868 randum,
448 801 507 850 ore
542 777 691 874 perjurii
711 779 840 867 nescio,
869 777 1035 870 juravit:
1067 780 1235 852 «Iterum
1254 801 1379 874 parere

248 931 265 974 c
288 927 357 975 non
387 904 591 1000 possuml»
619 903 711 975 Nam
742 901 979 997 Porphyrium
1012 902 1172 997 primum
1202 910 1237 974 et
1266 927 1379 976 unum

245 1026 341 1099 omni
360 1025 478 1119 lepore
497 1024 648 1096 donavit
668 1023 734 1120 (ι).
755 1050 771 1094 o

185 1185 186 1190 =
293 1146 388 1234 Quid
422 1146 551 1217 mirum
592 1145 622 1216 si
637 1144 809 1238 'quotidie
844 1144 882 1215 in
909 1143 1022 1233 Circo,
1057 1146 1205 1218 laudum
1243 1147 1376 1243 cupidi,

246 1271 329 1344 vitae
349 1294 390 1342 ac
409 1269 575 1341 membris
596 1291 667 1340 non
686 1269 905 1363 parcerent?
930 1268 1024 1355 Quid
1043 1269 1173 1341 mirum
1193 1270 1222 1342 si
1242 1295 1306 1366 per
1324 1271 1380 1342 fas

248 1405 283 1466 et
301 1395 399 1465 nefas
419 1373 607 1480 victoriam
627 1391 695 1463 sibi
714 1415 838 1486 parere
858 1392 1045 1486 cupirent‘l
1071 1392 1165 1478 Quid
1189 1395 1219 1465 si
1240 1395 1284 1465 ad
1303 1419 1380 1466 ma-

246 1519 340 1613 gicas
364 1517 473 1589 etiam
494 1524 588 1587 artes
607 1514 869 1610 confugerent?
887 1513 988 1585 Nihil
1009 1515 1126 1587 notius
1145 1540 1252 1611 quam
1276 1517 1381 1588 Hila-
1451 1512 1459 1532 “

242 1641 354 1713 rionis
379 1639 577 1734 cujusdam,
599 1637 751 1711 Romani
771 1638 916 1732 auriga,
948 1638 1174 1733 supplicium,
1192 1640 1334 1735 ‚capitis
1360 1665 1381 1713 a
1463 1719 1465 1726 ,

243 1763 414 1834 Praefecto
434 1762 530 1834 Urbi
549 1761 757 1857 Aproniano
778 1761 953 1851 damnati,
979 1786 997 1828 <c
1024 1762 1117 1856 quod
1136 1761 1249 1834 filium
1275 1786 1378 1835 suum

248 1879 400 1958 venefico
435 1887 641 1958 tradidisset
672 1885 870 1956 docendum
906 1884 1037 1956 artium
1071 1884 1290 1958 nefariarum
1328 1911 1383 1959 se-

247 2017 356 2099 creta,
378 2010 516 2102 legibus
534 2008 741 2096 interdicta,
771 2013 825 2097 ut,
851 2007 950 2078 nullo
975 2007 1125 2096 conscio,
1153 2008 1381 2081 adminiculis

242 2132 434 2225 juvaretur
452 2129 602 2201 internis
624 2155 641 2197 n
666 2128 677 2224 l
708 2128 734 2224 ).

298 2254 365 2326 Sed
396 2252 476 2346 quis
502 2252 596 2322 victo
629 2251 761 2345 aurigae
789 2250 1001 2344 persuadere
1027 2253 1176 2342 valeret,
1208 2252 1378 2325 victorem

250 2375 440 2447 «nefariis
467 2374 641 2444 ortibus»
676 2381 711 2445 et
743 2374 934 2446 «internis
962 2399 1003 2447 ac
1027 2375 1175 2469 magicis
1200 2376 1376 2448 artibus»

242 2525 346 2572 usum
367 2522 439 2569 non
460 2498 602 2568 fuisse?
628 2499 754 2592 Itaque
775 2497 966 2592 agitatores
995 2499 1057 2595 qui
1085 2498 1240 2595 pejorem
1264 2502 1379 2573 fortu-

244 2646 326 2693 nam
346 2620 486 2715 experti
513 2617 667 2708 fuerant,
700 2620 869 2692 adversus
888 2620 1074 2713 feliciores,
1105 2623 1235 2717 quibus
1254 2624 1379 2696 diabo-

245 2745 320 2813 lum
348 2743 563 2814 auxiliatum
588 2741 698 2812 fuisse
732 2734 1006 2835 arbitrarentur,
1040 2748 1154 2818 cultro
1183 2754 1219 2817 et
1247 2749 1319 2818 sica
1345 2757 1381 2820 et

247 2867 429 2938 nocturnis
446 2866 587 2937 insidiis
606 2891 680 2938 rem
699 2890 814 2960 agere.
837 2868 958 2958 Multi,
977 2871 1019 2939 ob
1031 2869 1378 2962 falsumhujusmodi

247 2989 393 3076 crimen,
417 2987 545 3058 necati.
564 2988 648 3059 Haec
667 2987 779 3082 igitur
794 2988 986 3059 homicidia
1005 2998 1046 3060 ut
1065 3000 1309 3085 compesceret,
1333 2993 1380 3064 le-

243 3135 322 3205 gem
338 3109 583 3182 TheodosiusI
599 3111 708 3182 tulit:
731 3135 809 3206 quae
820 3111 1047 3206 praecipiebat
1067 3139 1084 3180 c
1098 3113 1230 3207 quodsi
1239 3115 1318 3209 quis
1335 3138 1380 3186 ex

244 3231 511 3330 computoribus,
535 3232 644 3304 idest
665 3235 812 3329 aurigis,
839 3289 960 3307 ........
979 3221 1210 3309 clandestinis
1224 3237 1377 3325 insidiis,
1482 3269 1490 3282 ·

247 3379 473 3450 quemquam,
494 3355 604 3428 etiam
623 3357 853 3430 manifestum
877 3383 975 3431 reum
995 3359 1161 3431 maleficae
1189 3361 1287 3451 artie,
1318 3387 1380 3458 op-

249 3479 424 3570 presserit,
442 3479 612 3550 ultimum
631 3480 845 3575 supplicium
865 3505 935 3552 non
955 3483 1123 3555 evaderet
1152 3511 1168 3552 n
1200 3483 1266 3580 (3).
1296 3484 1382 3569 Quae

250 3607 368 3672 tamen
388 3602 526 3673 nonita
545 3609 729 3674 cruentam
749 3603 851 3676 illam
871 3629 911 3676 ao
930 3606 1077 3677 stultam
1095 3606 1381 3700 superstitionem
1440 3587 1443 3593 Α

286 3854 323 3923 (l)
337 3855 514 3939 Epigramma
524 3853 568 3920 al,
584 3855 656 3910 ibid.
671 3870 699 3927 p.
718 3853 780 3912 tlt,

430 4019 492 4038 .....
511 3953 571 4059 trip
586 3983 659 4058 φύσις
677 3981 724 4057 ὀψὲ
742 3986 850 4038 τεκοῦσα

432 4062 541 4155 dpoco·
564 4075 662 4136 Ωδίνιιν
678 4077 792 4156 δεύτερον
810 4080 840 4135 οὐ
850 4075 970 4156 δύναμαι,

435 4175 528 4251 ὤμοσεν
542 4172 645 4250 ιύὀρκοις
659 4176 708 4230 ὐπὸ
722 4174 828 4249 χείλισι.
848 4177 973 4252 Πορρυρίῳ
988 4195 1036 4250 γαρ

434 4271 528 4344 Πρώτῳ
542 4269 584 4322 καὶ
596 4269 677 4343 ρρὺνῳ
691 4275 779 4325 πᾶσαν
793 4265 867 4325 ἔδωκε
881 4271 969 4346 χάριν.

286 4403 322 4469 (t)
337 4405 431 4460 Amin.
447 4406 570 4463 Marcell.
585 4406 605 4461 l.
619 4405 711 4462 XXVI.
732 4438 762 4447 -
777 4407 982 4483 Hieronymus,
998 4413 1030 4467 in
1043 4410 1196 4470 Hilariano.

289 4487 325 4557 (3)
339 4491 430 4546 dodon
442 4491 539 4546 thoct.
554 4488 597 4556 lX,
614 4489 656 4560 lo,
671 4491 704 4546 dc
717 4493 872 4562 rnoleficiic
