3630 5658
686 577 799 628 error
825 577 876 627 111.
1302 555 1347 654 59

217 725 355 797 obierat
390 725 630 798 lastiniamns
660 725 722 797 ille
753 724 816 820 qui
841 724 988 797 Venetis
1015 723 1178 798 addictus
1200 725 1345 814 fuisset3

217 848 278 920 sed
298 848 458 939 vivebat,
490 848 551 943 qni
575 848 806 921 Prasinorum
832 847 1060 921 insolentiam
1086 847 1344 944 castigavisset.

218 969 321 1056 Quod
353 971 397 1042 ab
417 969 581 1043 omnibus
612 974 721 1066 probe
745 970 1002 1044 intellectum:
1038 996 1055 1040 c
1084 993 1181 1062 nam,
1215 971 1348 1045 auditis

217 1091 348 1182 verbis,
375 1091 554 1165 siluerunt
580 1092 753 1165 factiones
777 1099 821 1165 et
853 1092 898 1165 ad
928 1091 1049 1188 priora
1079 1092 1227 1166 dissidia
1252 1117 1346 1168 nun-

217 1238 326 1313 quam
345 1215 494 1289 rediere.
519 1242 536 1284 o
563 1216 610 1314 (ι)

262 1338 351 1410 ¹Pari
370 1338 489 1411 studio
508 1346 550 1410 ut
574 1339 710 1412 animos
734 1339 873 1412 sedaret
895 1339 1075 1413 laborarit
1107 1340 1270 1414 Tiberius
1288 1342 1343 1430 113

219 1483 302 1532 narn
335 1484 445 1555 quum
475 1460 775 1534 animadverteret
801 1462 1000 1536 animorum
1032 1463 1347 1558 intemperantiam

214 1583 368 1656 vestitus
386 1584 534 1656 luxuria
552 1593 745 1680 utcumque
766 1585 832 1676 ali3
855 1589 1026 1683 suamque
1045 1586 1347 1683 splendidioribus

216 1704 375 1778 vestibus
401 1706 630 1780 insolentiam
662 1731 762 1798 esse3
799 1709 1058 1804 purpureisque
1098 1708 1347 1806 chlamydibus

215 1835 251 1900 et
270 1827 471 1922 conspicuis
489 1827 691 1922 insignibus
710 1851 783 1901 sese
801 1828 955 1901 invicem
974 1828 1160 1920 factiones
1178 1838 1221 1903 ut
1238 1833 1345 1903 rubro

214 1971 337 2046 panno
360 1957 673 2043 taurosprovooat
703 1949 913 2041 bellnarius,
940 1950 1117 2024 irritare:
1150 1952 1208 2025 dic
1237 1951 1345 2026 Urbis

214 2072 343 2163 natali,
383 2073 446 2168 qui
484 2071 718 2144 seditionibus
741 2073 999 2168 quodammodo
1027 2075 1167 2147 dicatus
1198 2075 1346 2148 videba-

213 2205 285 2285 tur,
323 2195 504 2268 occasione
532 2204 687 2291 arrepta,
715 2196 792 2289 lege
811 2196 996 2290 prohibuit
1021 2221 1065 2270 ne
1095 2198 1204 2270 stolas
1228 2201 1349 2272 imbri·

214 2327 327 2408 eatae,
372 2342 534 2414 purpura
574 2319 749 2408 infectae,
798 2309 1073 2416 chlamydes'quc
1109 2321 1346 2416 imperatoriae

216 2442 389 2516 assimiles
425 2440 567 2514 demoror
595 2450 793 2537 gestarent,
834 2442 1040 2538 definiitque
1077 2451 1120 2516 ut
1163 2445 1256 2517 ornr'o
1295 2445 1341 2543 (2)

177 2583 180 2588 ·
212 2565 366 2638 duorum
390 2564 638 2636 tantummodo
658 2563 851 2659 digitorum
880 2564 1074 2638 latitudine
1095 2565 1140 2638 ad
1158 2589 1347 2640 ornamen-

210 2695 289 2759 tum
308 2694 495 2760 uterentur
517 2685 580 2782 (3).

259 2808 427 2881 Mauricii
446 2807 676 2902 temporibus,
698 2806 908 2881 factionese
934 2832 1054 2882 somno
1076 2808 1343 2905 aliquantulum

213 2940 297 3003 sunt
329 2921 465 3010 excitae.
499 2931 646 3003 Venetis
678 2929 809 3003 favisse
844 2930 1015 3026 princeps=
1044 2932 1195 3022 dicitnr;
1236 2935 1343 3007 multi

213 3062 396 3150 magnates
426 3054 465 3125 in
495 3054 655 3124 eamdem
674 3061 812 3148 partem
836 3052 1095 3124 inclinabant:
1129 3052 1225 3126 inter
1253 3079 1342 3150 quos

211 3178 421 3266 Germanus,
463 3175 526 3270 qui
557 3176 774 3248 Venetorum
819 3199 883 3270 ope
923 3175 969 3247 ad
1005 3175 1199 3272 Imperium
1238 3177 1341 3250 evehi

206 3304 417 3376 conabatur.

255 3425 300 3497 In
329 3423 503 3498 seditione
521 3431 642 3495 tamen
670 3446 748 3518 quae
770 3423 969 3516 ann0t01,
992 3423 1050 3498 die
1069 3421 1185 3498 natali
1206 3426 1340 3500 Christi

207 3547 354 3637 exarsit,
377 3548 416 3618 in
441 3571 513 3642 qua
537 3547 734 3619 Mauricius
761 3547 1060 3645 Manplodr'tarum
1088 3550 1192 3622 clava
1216 3549 1339 3624 defen-

207 3695 266 3743 sus
294 3671 338 3743 ad
371 3671 589 3742 lllachernas
621 3693 712 3764 aegre
736 3670 863 3760 evasit,
904 3669 948 3742 dc
985 3670 1201 3745 factionibus
1232 3673 1340 3746 silent

241 3914 278 3983 (l)
292 3914 421 3986 Theopb.
436 3931 460 3971 a.
476 3915 556 3985 boot,
570 3931 598 3987 p.
613 3914 673 3971 375.

241 3998 342 4071 (drap.
366 3998 551 4071 ducangium,
578 4000 661 4056 Gloss.
686 4016 740 4070 pr,
755 4001 826 4082 ἄρνα,
854 4015 915 4056 srve
940 4017 1000 4071 oro,
1030 4000 1193 4060 vestimenti
1214 4003 1339 4088 limbum

206 4092 369 4163 significat:
1041 4106 1042 4109 ’

240 4174 276 4244 (3)
290 4174 408 4230 Cedren.
426 4174 463 4230 in.
482 4173 543 4230 Tib.
562 4173 595 4244 ll,
611 4191 685 4232 anno
699 4176 722 4245 l,
737 4182 758 4232 t.
779 4175 800 4245 l,
815 4192 843 4247 p.
854 4175 914 4232 688.
935 4206 962 4217 -
980 4175 1020 4233 of.
1039 4177 1104 4233 dod.
1118 4179 1222 4234 lustin.
1250 4179 1295 4250 XI,
1311 4179 1337 4246 8,

137 4294 141 4300 -
205 4259 240 4312 Ile
264 4262 394 4330 aestibus,
420 4275 477 4332 quo
496 4259 588 4323 titulo,
612 4260 740 4332 capitalis
757 4277 843 4333 poenn
864 4259 1002 4317 adversus
1021 4279 1070 4318 eos
1092 4264 1140 4335 qui
1162 4263 1335 4332 vestibus...,

205 4357 296 4407 sacro,
306 4343 364 4397 siro
374 4344 568 4416 imperatorio,
585 4348 694 4399 naurire
707 4344 848 4412 intinctis
858 4344 898 4400 uti
912 4347 1159 4418 praesumpserint.
1170 4378 1188 4386 -
1199 4349 1261 4403 Jnm
1277 4348 1338 4405 Pro·

205 4426 312 4498 ropius,
329 4431 403 4486 Pers.
417 4429 436 4498 l,
448 4430 494 4494 tl,
507 4447 534 4502 p·
550 4429 609 4494 tro,
621 4429 772 4486 deinsnuis
784 4429 890 4486 civium
902 4428 929 4486 in
948 4430 1059 4486 Circum
1069 4430 1336 4507 impensisquestns

202 4509 315 4568 fuerata
