3630 5658
455 563 501 635 72
736 563 782 612 na
808 563 1037 648 uriacensruus
1063 566 1307 619 rnc'rronruus.

453 686 492 756 in
525 685 752 782 ejusdemque
785 706 828 787 τῷ
855 701 1033 791 ἀρματωρίῳ
1060 690 1112 789 (1)
1147 692 1220 764 sive
1242 702 1417 791 ipaxroopiqi
1445 690 1494 788 (2)
1524 714 1585 762 seu

454 811 607 881 oratorio
644 811 708 908 (3),
743 813 943 909 Philippico
971 815 1184 910 Imperatori
1210 816 1422 910 apalatinis
1446 813 1584 908 conspi-

453 933 633 1006 ratoribus
653 934 747 1006 oculi
767 935 882 1007 effossi
907 935 971 1033 (Δ).

477 1048 759 1153 ’6615565656
801 1082 1018 1177 Theophilus
1049 1085 1247 1179 Imperator
1282 1083 1482 1180 spectandis
1516 1083 1586 1155 fac-

453 1204 605 1292 tionum,
643 1203 682 1275 in
714 1204 844 1277 Phiala
876 1205 1064 1279 Triconchi
1097 1231 1118 1278 a
1146 1231 1181 1280 se
1205 1207 1391 1296 aedificata,
1418 1206 1513 1278 ludis
1546 1228 1586 1276 ac

454 1327 707 1399 saltationibus
731 1325 796 1424 (5).

502 1453 670 1569 Ejusdem
691 1475 787 1548 filius
809 1477 964 1549 Michael
989 1480 1046 1551 ΙΙΙ
1068 1479 1240 1551 circenses
1260 1478 1362 1550 ludos
1380 1477 1466 1549 adeo
1486 1476 1585 1572 depe-

452 1599 561 1687 ribat,
595 1607 637 1670 ut
667 1599 805 1693 ipsein
832 1599 1074 1693 Hippodromo
1107 1601 1228 1673 Sancti
1244 1600 1438 1672 Mamantis
1462 1623 1586 1672 currus
1701 1648 1703 1656 -

456 1728 588 1815 ageret,
621 1728 657 1792 et
688 1721 788 1815 equis
822 1721 894 1793 suis
919 1722 1057 1816 palatia
1078 1724 1323 1820 potiusquam
1355 1723 1498 1795 stabula
1532 1721 1580 1818 (6)

453 1845 655 1934 aedificaret,
693 1851 800 1939 atque
833 1845 1045 1916 irasceretur
1081 1847 1175 1941 quod
1202 1847 1301 1941 ignes
1330 1847 1368 1917 in
1399 1844 1580 1916 montibus

455 1969 563 2064 positi
582 1970 699 2063 ipsum
723 1991 763 2038 ac
790 1967 974 2062 populum,
997 1967 1092 2038 inter
1112 1969 1281 2040 circenses
1307 1969 1522 2063 voluptates,
1544 1967 1587 2038 de

452 2091 710 2164 invadentibus
730 2091 910 2162 Arabibus
923 2091 1166 2163 admonerent.
1185 2093 1338 2163 indutus
1357 2093 1433 2186 ipse
1450 2092 1587 2163 Veneta

452 2223 563 2303 veste,
575 2214 766 2286 Prasinum
780 2237 905 2309 sagum
917 2210 1150 2308 Logothetam
1159 2213 1448 2302 Constantinum,
1463 2213 1585 2284 album

300 2431 304 2439 ⁵
347 2427 349 2432 Ι
454 2337 617 2411 Cheilam
650 2337 851 2432 quemdam,
880 2344 1060 2408 russatum
1091 2335 1250 2427 Orasam,
1280 2337 1427 2408 induere
1450 2335 1558 2429 jussit
1571 2360 1581 2426 3

454 2455 662 2556 duobusc'pue
677 2460 758 2531 aliis
775 2461 1005 2555 magnatibus
1024 2460 1386 2557 conrbrhopraplrorum
1400 2484 1586 2555 personam

453 2585 637 2680 imposuit.
659 2583 836 2677 Denique,
863 2591 942 2678 post
975 2582 1135 2678 hippioos
1162 2583 1264 2654 ludos
1291 2583 1336 2654 ad
1366 2583 1586 2656 Mamantem

453 2706 567 2779 editos
600 2706 754 2795 occisus,
797 2712 904 2798 atque
946 2705 1070 2798 sagulo
1105 2705 1234 2798 equino
1267 2706 1473 2795 involutuS,
1515 2730 1585 2778 nou

452 2829 639 2924 indignam
665 2835 728 2899 aut
746 2835 894 2898 mortem
916 2835 979 2898 aut
998 2826 1183 2899 sindonem
1202 2827 1331 2899 habuit
1355 2828 1418 2925 (7).

503 2979 684 3052 Circenses
712 2975 970 3049 Constantinus
988 2976 1059 3048 VII
1085 2975 1238 3046 multum
1263 2974 1468 3068 diligebat:
1492 3001 1585 3048 anuo

454 3103 538 3200 966,
562 3099 788 3196 splendidum
808 3098 1050 3194 spectaculum
1074 3097 1113 3167 in
1132 3096 1364 3167 Arabicorum
1388 3098 1586 3192 legatorum

420 3313 428 3330 ι
452 3226 622 3297 honorem
641 3222 806 3295 exhibuit
830 3220 894 3317 (8).
920 3219 1006 3304 Quae
1024 3219 1063 3288 in
1084 3217 1178 3289 libro
1196 3215 1254 3289 De
1272 3216 1484 3292 Coerrmonr'zi
1501 3222 1587 3294 culce

492 3496 530 3565 (Ι)
548 3491 667 3549 Cedren.

490 3577 526 3648 (2)
543 3575 673 3646 Theoph.
785 3644 789 3648 ⁵
1046 3593 1049 3605 ·
1101 3599 1105 3608 ·

489 3659 525 3729 (3)
545 3662 623 3716 Marc.
640 3661 705 3715 bist.
724 3687 754 3697 —
769 3655 809 3712 De
821 3654 909 3712 verbo
923 3654 977 3712 sub
991 3653 1042 3711 lite
1057 3653 1159 3726 posito,
1177 3653 1218 3711 uf.
1237 3653 1424 3724 Ducangium,
1437 3651 1478 3707 (ΙΙ.
1489 3653 1535 3710 Gr.
1557 3665 1587 3710 νο

452 3753 621 3826 ὀρνατοὺριον.

489 3843 527 3910 (Ι)
544 3841 620 3892 Miro.
649 3838 718 3892 hist.
744 3834 775 3890 in
798 3833 870 3889 Phil.
897 3851 923 3893 a.
944 3835 970 3891 2.
994 3867 1025 3876 -
1045 3833 1163 3906 Niceph.
1186 3833 1265 3888 Bran.
1290 3847 1319 3904 p.
1342 3832 1385 3889 55.
1409 3863 1441 3874 -
1456 3831 1586 3903 Theoph.

451 3942 479 3982 a.
507 3922 590 3990 6505,
614 3939 643 3994 p.
675 3920 737 3976 587.
764 3951 794 3960 -
817 3919 935 3976 Gedren.
960 3920 987 3990 Ι,
1013 3919 1075 3976 785.
1098 3949 1128 3959 -
1148 3917 1285 3984 Zonaras
1306 3915 1375 3984 XlV,
1397 3915 1441 3974 26.
1467 3948 1498 3957 -
1515 3915 1587 3986 luel,

452 4027 471 4082 p
488 4095 523 4162 (5)
538 4091 667 4163 Theoph.
683 4090 797 4147 Contin.
815 4089 845 4145 in
860 4089 1026 4163 Theophila
1043 4105 1066 4145 c.
1083 4087 1127 4156 43,
1142 4104 1169 4159 p.
1187 4085 1246 4142 lua.

487 4183 522 4249 (6)
537 4181 644 4247 Quibus
659 4179 793 4241 stabulis,
820 4178 844 4234 si
862 4178 950 4250 Hagia
966 4177 1072 4250 Sophia
1095 4176 1157 4245 ipsa
1174 4191 1191 4229 a
1211 4172 1338 4246 quolibet
1355 4180 1588 4249 anteponeretur,

452 4267 640 4324 irascebatur.
656 4262 754 4332 Georg.
772 4262 845 4320 Mon.
857 4263 887 4318 in
901 4263 935 4318 M.
950 4262 996 4326 ΙΙΙ,
1011 4277 1035 4316 c.
1053 4259 1094 4321 19,
1110 4276 1137 4331 p.
1153 4257 1214 4314 825.
1298 4332 1303 4336 -

487 4355 523 4420 (7)
537 4350 664 4420 Theoph.
681 4350 760 4404 Cont.
782 4348 813 4402 in
826 4347 861 4402 M.
875 4346 919 4412 ΙΙΙ,
937 4362 960 4402 c.
978 4344 1021 4408 36,
1036 4359 1063 4414 p.
1079 4341 1148 4410 1983
1167 4340 1195 4398 in
1211 4339 1271 4395 Bas.
1287 4339 1308 4406 Ι,
1332 4356 1356 4395 c.
1372 4339 1417 4409 ΙΙ,
1434 4357 1461 4412 p.
1477 4341 1542 4400 243.
1558 4374 1588 4382 -

453 4439 533 4510 Sym.
547 4437 616 4506 Mag.
632 4436 663 4490 in
676 4435 711 4490 ll.
730 4434 775 4501 ΙΙΙ,
797 4450 822 4488 o.
838 4433 881 4499 46,
900 4448 928 4504 p.
941 4431 1004 4495 681,
1019 4437 1073 4484 etc.
1091 4457 1121 4466 -
1138 4425 1297 4498 Byzantios,
1313 4431 1333 4481 t.
1350 4425 1371 4491 Ι,
1389 4442 1417 4498 p.
1434 4424 1497 4482 2‘26.

490 4521 525 4588 (8)
541 4522 650 4578 Oarion.
667 4518 700 4588 ΙΙ,
714 4518 757 4587 15,
767 4534 800 4589 p.
817 4516 878 4572 588.
