3630 5658
742 513 857 566 cirrus
882 516 932 566 vr.
1345 497 1388 592 87

258 638 447 712 maritimis
454 639 658 734 regionibus
666 639 868 740 conscripti,
886 647 1006 712 nauta
1016 639 1192 736 praecipue
1208 639 1388 733 acbajuli,

257 763 364 836 rudes
396 787 437 836 ac
466 763 616 837 violenti
647 762 731 857 viri,
766 772 901 837 erant:
932 764 1084 836 audacia
1119 771 1155 836 et
1189 762 1391 838 temeritate

259 887 416 969 urbanos
445 893 655 958 mercatores
687 893 750 959 aut
787 886 925 982 opifices
957 885 1111 958 multum
1148 886 1387 980 superabant,

167 1027 174 1038 ’
260 1009 499 1105 majoremque
529 1010 741 1105 Imperatori
781 1017 952 1082 terrorem
988 1008 1227 1082 incutiebant.
1263 1007 1391 1104 Itaque

259 1134 407 1206 urbanis
438 1135 599 1207 Russatis
620 1143 727 1232 atque
745 1134 848 1207 Albis
870 1132 1063 1209 Demarati
1082 1140 1238 1222 tantum,
1261 1133 1390 1204 subur·

259 1258 363 1330 banis
400 1280 482 1330 vero
517 1257 677 1331 Prasinis
710 1281 751 1330 ac
781 1257 929 1330 Venetis
962 1256 1176 1330 Democratoe
1208 1253 1389 1350 praepositi

260 1382 303 1453 ab
322 1382 484 1476 Augusto
504 1381 775 1477 delegebantur.
801 1383 1022 1453 Democratae
1042 1387 1162 1452 autem
1180 1376 1389 1452 Demarchis

258 1503 369 1576 officio
389 1511 425 1576 et
443 1504 622 1598 dignitate
640 1505 838 1599 superiores
857 1503 969 1578 fuere.

305 1703 358 1778 ll.
390 1747 440 1757 —
470 1703 513 1775 ln
546 1729 686 1801 quaque
719 1704 877 1779 factione
912 1705 985 1780 tria
1024 1706 1201 1803 distingui
1234 1713 1386 1803 oportet.

263 1837 294 1898 1⁰
324 1839 350 1902 οἱ
376 1833 495 1926 inpleat
527 1829 667 1924 proprie
695 1830 908 1926 nuncupati,
945 1854 1096 1926 quorum
1125 1829 1271 1903 nomina
1303 1839 1388 1914 ἐντῆ

180 2011 184 2019 .
257 1962 354 2050 pappa
374 1976 435 2024 seu
453 1952 625 2024 laterculo
648 1951 815 2026 factionis
834 1953 1008 2051 inscripta
1026 1956 1234 2044 manebant,
1255 1954 1388 2050 quique

258 2075 473 2146 militaribus
485 2075 872 2169 officiisfnngebantur;
883 2084 918 2146 2⁰
929 2076 1043 2149 omnis
1055 2076 1273 2170 aurigarum,
1284 2077 1390 2150 salta-

258 2207 387 2288 torum,
400 2222 607 2293 agasonum,
618 2207 893 2293 caeterorumque
908 2199 1114 2272 officialium
1128 2200 1247 2290 turba,
1259 2199 1389 2295 quibus

261 2345 351 2394 curae
369 2330 445 2394 erat
456 2322 628 2418 populum
646 2322 846 2394 Romanum
865 2322 1081 2396 circensibus
1100 2321 1311 2417 spectaculis
1329 2322 1387 2394 de·
1497 2417 1500 2424 Ι

258 2445 405 2535 lectare3
424 2445 461 2516 3⁰
481 2444 633 2539 denique
653 2468 772 2516 omnes
786 2444 980 2540 Byzantini
999 2444 1105 2533 eirea,
1128 2442 1191 2538 qui
1215 2465 1328 2538 neque
1347 2441 1383 2516 in

256 2565 376 2639 oborta
400 2567 478 2638 ulla
503 2567 678 2664 inscripti,
710 2591 824 2663 neque
850 2567 963 2640 officio
989 2566 1065 2639 ullo
1090 2564 1292 2661 fungentes,
1316 2565 1374 2639 fac

255 2688 346 2760 tioni
365 2697 486 2762 tamen
507 2690 673 2763 alterutri
690 2688 894 2762 studebant.

304 2887 372 2959 ΙΙΙ.
407 2928 458 2942 -
492 2887 536 2958 In
568 2885 783 2968 Coerrbtom'rlr
814 2898 841 2962 οἱ
869 2894 989 2986 emptam
1021 2889 1156 2961 curiose
1192 2913 1214 2961 a
1245 2888 1383 2984 reliquo

254 3010 383 3105 populo
413 3009 664 3082 discernuntur
685 3033 701 3082 :·
735 3018 767 3080 1⁰
786 3010 824 3081 in
842 3012 917 3083 loco
937 3010 979 3083 de
1002 3010 1221 3084 Notz'lelrsrim'
1241 3033 1384 3106 promo·

255 3133 356 3223 tecue,
378 3134 453 3205 haec
471 3132 544 3204 tria
561 3133 799 3206 enuntiantur
815 3161 825 3206 :
841 3134 1019 3230 sactiones,
1042 3133 1140 3224 orbes,
1163 3133 1288 3206 meletos
1316 3133 1328 3230 (
1351 3133 1381 3230 l.

305 3264 340 3327 2⁰
361 3255 399 3330 Si
430 3255 589 3327 nascitur
621 3279 640 3328 e
671 3257 770 3350 prole
793 3257 1023 3352 imperatoria
1045 3255 1381 3354 porphyrogenitus

250 3377 399 3472 jubetur
421 3377 634 3474 Praepositus
660 3377 758 3452 Sacri
776 3380 912 3474 Palatii
932 3380 978 3453 ad
1002 3379 1297 3477 proclamandum
1322 3403 1385 3477 per

254 3501 378 3574 urbem
403 3500 555 3574 infantis
584 3524 729 3593 nomen,
767 3503 938 3577 ducentos
967 3504 1063 3576 viros
1094 3503 1246 3597 eligere:
1277 3503 1385 3597 quin-

254 3622 429 3718 quaginta
461 3648 505 3696 ex
523 3637 717 3722 tupmolam
735 3626 911 3699 militibus
924 3624 1223 3723 [excubitoribus
1247 3622 1385 3695 schola-

254 3747 364 3836 ribus
399 3749 568 3838 numeris,
603 3749 704 3846 etc),
741 3757 884 3822 centum
918 3772 963 3821 ex
998 3748 1186 3842 utriusque
1217 3744 1385 3819 factionis

253 3874 386 3967 δημόταις
421 3871 697 3967 (quinquaginta
724 3870 837 3964 igitur
866 3871 1020 3943 Venetos
1046 3877 1083 3943 et
1118 3868 1385 3964 quinquaginta

253 3995 458 4091 Prasinos),
499 3995 763 4091 quinquaginta
789 3994 941 4090 denique
960 4017 1005 4068 ex
1043 3993 1208 4067 civibus:
1256 4001 1289 4069 ἐκ
1327 4009 1384 4068 τῶν

254 4117 438 4214 πολιτικῶν(
468 4118 494 4214 ).

289 4318 325 4385 (¹)
352 4328 393 4382 καί
407 4329 441 4381 τὰ
461 4325 533 4402 l‘lffib
554 4329 596 4381 ἀἱ
617 4326 640 4382 οἱ
665 4332 709 4389 τῆς
734 4325 837 4396 πόλεως,
861 4329 903 4384 καί
924 4328 958 4383 τὰ
978 4327 1169 4404 στρατεύματα.
1185 4316 1382 4396 wibaldi,

253 4415 411 4569 liiiio
427 4500 460 4570 11,
471 4499 517 4568 ar,
531 4515 560 4572 p.
578 4500 640 4558 ou.
