3630 5658
430 582 495 652 118
888 605 1093 657 coxcuusrc.

425 736 556 801 tumet
585 729 778 820 theatrum,
809 755 916 826 quam
945 731 1007 825 qui
1028 731 1072 803 ad
1101 730 1292 802 militarem
1320 736 1382 800 aut
1411 728 1552 800 civilem

424 875 497 923 rem
506 854 737 947 pertinerent,
748 862 883 956 pateat,
894 855 1081 927 fatendum
1096 853 1358 928 estfactionem
1375 873 1553 946 quamque

424 975 551 1047 melius
571 976 615 1046 ad
635 976 735 1048 ludos
755 1001 863 1071 quam
875 976 919 1047 ad
942 977 1065 1049 civilia
1083 978 1178 1048 bella
1196 976 1304 1070 fuisse
1323 977 1548 1066 instructam.

473 1097 548 1168 Nec
566 1121 651 1168 vera
669 1099 813 1189 militia,
837 1123 901 1171 uec
919 1123 1025 1184 verus
1043 1099 1332 1196 11111111111111
1351 1097 1462 1168 fuere.

474 1219 609 1291 Milites
628 1228 722 1292 certe
741 1221 889 1294 fuerunt
906 1233 931 1296 οἱ·
949 1228 1088 1319 11111111
1113 1222 1173 1292 sed
1195 1221 1387 1316 pompatici
1407 1220 1551 1291 milites,

426 1341 620 1436 Nunquam
648 1343 818 1416 adversus
840 1345 1049 1439 principem,
1081 1344 1150 1415 nisi
1168 1346 1262 1416 veris
1280 1344 1456 1415 militibus
1475 1344 1553 1414 ‹les-

426 1465 589 1554 titutum,
624 1466 892 1560 praevaluerunt
906 1491 916 1555 3
955 1489 1139 1560 nunquam
1172 1465 1258 1554 nisi,
1300 1464 1556 1558 adjuvantibus

427 1588 678 1676 castrensibus,
713 1588 907 1682 principem
940 1588 978 1659 in
1010 1595 1149 1658 scutum
1183 1588 1315 1681 erigere
1349 1589 1552 1658 valuerunt.

428 1711 634 1784 Theatrales
670 1711 814 1790 illorum
847 1711 959 1804 gladii
999 1720 1034 1782 et
1069 1710 1194 1782 «vilia
1225 1711 1410 1805 spicula»
1439 1720 1481 1781 ut
1507 1711 1557 1781 ait

427 1835 686 1930 Luitprandus,
704 1836 937 1905 barbarorum
955 1842 990 1904 11
1011 1833 1308 1905 conductitiorum
1326 1835 1463 1905 ensium
1484 1834 1556 1904 vim

429 1957 603 2027 sustinere
618 1980 698 2026 raro
719 1955 923 2026 valuerunt.

478 2082 529 2152 Ut
547 2081 702 2174 primum
721 2081 917 2173 Imperator
944 2078 1133 2150 seditiones
1151 2079 1312 2172 hippicas
1336 2103 1409 2150 esse
1426 2079 1557 2167 noluit,

429 2203 610 2275 deferbuit
635 2203 752 2273 subito
781 2202 1056 2296 Hippcdromus,
1091 2202 1134 2271 ln
1157 2200 1290 2272 decimo
1318 2202 1443 2272 saeculo
1467 2201 1557 2271 nihil

433 2334 545 2421 agunt
554 2325 704 2398 demotae
713 2325 796 2414 nisi,
809 2325 904 2395 inter
914 2322 1402 2418 aulaebyzantinaesolemnia
1416 2324 1558 2394 inanem

430 2474 596 2546 pompam
624 2456 659 2520 et
687 2472 798 2519 vanos
828 2448 975 2541 plausus
1003 2447 1219 2517 ministrare.
1251 2433 1328 2517 Hoc
1347 2470 1459 2517 unum
1490 2446 1560 2516 cffi-

431 2575 538 2663 cium,
563 2573 681 2642 adesse
701 2579 736 2643 et
756 2572 922 2642 clamare.
946 2573 1000 2642 llx
1019 2571 1248 2664 Imperatoris
1272 2571 1458 2642 voluntate
1473 2595 1560 2664 pen·

431 2697 529 2784 dent,
553 2695 770 2783 liberalitate
788 2695 959 2763 victitant
981 2693 1117 2763 :iidem
1140 2693 1202 2786 qui
1221 2693 1353 2764 Urbem
1373 2694 1411 2764 in
1436 2694 1560 2787 quinto

432 2817 557 2890 saeculo
589 2817 823 2888 seditionibus
858 2824 893 2886 et
927 2821 1043 2884 totum
1075 2814 1269 2908 Imperium
1298 2816 1556 2904 convellebant,

433 2965 529 3012 nunc
543 2948 686 3011 tantum
694 2949 736 3010 ut
754 2941 792 3011 in
808 2937 1018 3011 caerimoniis
1033 2937 1125 3010 aulae
1141 2937 1221 3008 etin
1235 2938 1449 3010 circensibus
1467 2939 1560 3010 ludis

432 3064 551 3136 omnia
572 3065 661 3133 bene
686 3063 852 3134 ordinata
872 3063 954 3151 sint,
974 3085 1095 3132 curam
1122 3061 1332 3154 suscipiunt.
1356 3062 1405 3133 Hi
1425 3070 1559 3132 veteres

432 3187 655 3257 tumultuum
669 3184 819 3256 artifices
839 3184 1055 3278 stipendium
1069 3208 1090 3253 1
1103 3183 1271 3254 Praefecto
1285 3183 1392 3254 Urbis
1409 3183 1453 3254 ad
1465 3191 1561 3256 tucn-

434 3309 652 3402 dam‘pacem
669 3307 861 3400 accipiunt.
1450 3385 1453 3390 Ι

482 3433 562 3502 Non
582 3428 745 3523 populus,
763 3429 822 3499 sed
841 3427 957 3521 imago
972 3427 1111 3522 populi,
1129 3435 1165 3500 11
1182 3415 1345 3521 palatina
1363 3428 1559 3522 plebecula.
