3630 5658
469 583 514 656 58
745 610 791 658 nu
818 608 1046 660 crncnrsrsus
1072 609 1316 662 rucrrcrunus.

467 757 542 807 mos
571 736 741 824 habuere,
759 735 880 806 forsan
907 741 943 806 et
962 759 1042 806 suos
1060 737 1214 808 Venetos
1242 759 1283 838 ac
1308 735 1488 808 Prasinos.
1514 736 1602 809 Suos

468 863 561 928 certe
589 857 718 928 habuit
739 857 777 927 in
801 858 890 928 urbe
915 857 1075 950 Apamea
1102 856 1273 929 thsroes
1302 886 1310 928 ε
1340 857 1601 953 Prasinumque

469 979 620 1051 colorem
638 978 717 1050 ideo
735 977 854 1072 elegit,
877 977 972 1073 quod
984 979 1184 1050 Romanum
1198 972 1452 1074 Imperatorem
1465 981 1602 1053 Veneto

467 1102 590 1175 favere
618 1102 789 1174 audiisset
818 1101 882 1198 (1).
915 1101 1218 1188 Concurrentibus
1252 1102 1365 1198 igitur
1397 1103 1544 1199 aurigis,
1572 1104 1602 1176 si

467 1226 772 1322 praegrediebatur
790 1226 961 1314 Venetus
987 1224 1208 1297 irascebatur
1232 1227 1420 1316 barbarus,
1442 1233 1479 1298 et
1496 1249 1603 1322 equos

469 1347 778 1420 tenereVenetum
799 1345 1134 1441 aurigamjubebat,
1156 1337 1453 1442 exclamabatque
1472 1340 1603 1421 Caesari

470 1494 542 1543 non
563 1469 833 1542 condonandam
857 1492 930 1540 esse
951 1469 1150 1542 victoriam.

518 1595 660 1667 Mortuo
680 1593 887 1666 Justinianc
907 1592 1055 1687 paulum
1079 1592 1317 1665 defervescere
1342 1594 1605 1689 Hippodromus

470 1717 628 1812 incoepit.
657 1717 826 1809 Princeps
862 1715 1011 1810 quisque
1049 1715 1274 1810 intelligebat
1310 1739 1345 1787 se
1383 1741 1454 1788 non
1490 1741 1602 1812 posse,

471 1840 548 1912 sine
576 1837 673 1934 pacis
700 1837 853 1931 publicae
884 1843 991 1929 atque
1022 1837 1130 1908 Urbis
1160 1837 1458 1933 aedificiorumque
1494 1839 1605 1910 detri-

471 1968 602 2049 ment0,
629 1960 714 2032 huic
735 1967 798 2030 aut
817 1959 873 2030 illi
892 1957 1054 2048 factioni,
1077 1959 1225 2054 pronius
1258 1959 1457 2055 indulgere.
1480 1961 1607 2035 Curius

471 2085 655 2156 emebatur
674 2082 806 2154 frivola
820 2082 1005 2175 voluptas3
1024 2105 1176 2176 quaeque
1196 2083 1321 2155 seditio
1342 2083 1489 2178 templa,
1512 2084 1609 2178 pala-

471 2207 536 2298 tia,
562 2207 852 2295 armamentaria,
884 2205 1047 2298 ingentes
1066 2205 1249 2278 domorum
1277 2207 1430 2296 insulas,
1453 2206 1607 2301 principi

471 2329 751 2418 reaedificandas,
779 2330 963 2400 evertebat
994 2352 1003 2400 ι
1032 2337 1075 2400 ut
1101 2328 1144 2400 de
1178 2329 1407 2425 antiquorum
1432 2329 1608 2402 artificum

473 2452 584 2546 signis
618 2459 725 2546 atque
749 2452 927 2547 operibus
951 2452 1053 2523 nulla
1077 2450 1240 2545 impensa
1258 2452 1480 2547 reparandis
1503 2451 1607 2523 silea-

473 2575 569 2645 musl
1310 2645 1311 2650 ,

521 2697 687 2770 lustinus
723 2697 848 2790 igitur,
886 2720 991 2791 quem
1019 2721 1139 2770 severe
1169 2719 1263 2769 anno
1297 2695 1365 2768 563
1400 2696 1609 2769 seditionem

474 2820 725 2914 compescuisse
744 2820 983 2909 narravimus,
1002 2845 1071 2916 quo
1086 2819 1144 2893 die
1157 2819 1345 2915 imperium
1359 2818 1605 2914 inauguravit,

475 2942 661 3038 utriusque
694 2942 862 3015 factionis
896 2943 1213 3015 acclamationibus
1244 2949 1424 3044 exceptus.
1458 2943 1610 3036 Tempus

478 3065 601 3138 aderat
617 3043 673 3155 ut,
691 3065 734 3137 de
753 3089 861 3155 more,
886 3074 950 3138 aut
963 3068 1140 3140 Venetum
1166 3072 1229 3136 aut
1247 3065 1438 3137 Prasinum
1458 3065 1610 3136 colorem

477 3189 642 3283 eligeret:
660 3211 782 3282 pacem
796 3187 926 3281 elegit:
940 3187 1113 3258 factiones
1126 3187 1290 3259 hortatus
1300 3193 1354 3258 est
1365 3192 1408 3257 ut
1421 3185 1610 3281 imperium

477 3312 670 3404 urbemque
689 3311 836 3380 turbare
855 3308 1058 3380 desinerent
1077 3307 1087 3405 (
1111 3308 1140 3404 ).

528 3431 630 3504 Certe
651 3431 738 3502 anni
759 3417 947 3526 5c91udis'
973 3431 1201 3522 circensibus
1236 3454 1346 3526 quum
1365 3429 1538 3502 factiones
1556 3430 1614 3502 in·

478 3563 534 3627 ter
554 3577 589 3626 se
605 3531 823 3626 ¹contendere
842 3553 1053 3648 inciperent,
1085 3553 1130 3625 ad
1148 3561 1337 3649 utramque
1365 3559 1498 3651 μα’νδατα
1517 3551 1615 3625 misit

480 3680 691 3772 Imperator,
725 3674 764 3748 in
790 3661 944 3760 llenetos
971 3674 1026 3746 his
1059 3675 1178 3746 verbis
1214 3699 1298 3746 usus
1327 3697 1335 3746 ι
1367 3703 1385 3745 <r
1417 3675 1614 3770 Imperator

480 3775 710 3872 Justinianirs
729 3798 830 3870 vobis
850 3797 940 3871 obiit
961 3823 978 3866 a
990 3818 1000 3886 ;
1028 3797 1072 3868 ad
1096 3797 1263 3869 Prasinos
1284 3804 1403 3869 autem
1425 3821 1432 3868 :
1459 3824 1476 3866 c
1498 3798 1614 3892 Impe-

481 3927 579 3992 rator
597 3891 827 3992 lastinianus
845 3919 947 3990 vcbis
974 3919 1091 3991 adhuc
1109 3917 1214 3990 vivit.
1240 3944 1258 3988 r>
1278 3918 1345 3990 His
1362 3919 1481 3991 verbis
1495 3941 1615 3991 moue-

482 4046 546 4114 bat
572 4041 736 4136 princeps
768 4040 851 4112 illos
869 4048 912 4112 ut
941 4041 1082 4113 nullum
1109 4041 1269 4112 favorem
1296 4039 1355 4111 vel
1385 4040 1616 4135 privilegium

483 4170 677 4259 sperarent,
713 4161 776 4243 hos
807 4169 849 4232 ut
884 4160 1064 4253 justitiam
1100 4161 1397 4257 severitatemque
1432 4162 1612 4235 timerent.

519 4419 555 4486 ll)
573 4418 625 4473 ἐπεὶ
638 4415 665 4470 δὲ
679 4415 784 4478 ἠκηκόει.
802 4418 878 4474 Prot.
894 4421 971 4474 Pers.
987 4419 1020 4486 ll,
1039 4419 1080 4488 ll,
1097 4419 1198 4491 p.‘203.

523 4506 563 4574 (⁶3)
575 4504 720 4578 t'crippuS,
737 4506 774 4559 Dc
787 4506 917 4560 laudibus
932 4506 1035 4562 destini
1047 4508 1173 4564 raineris.
