3630 5660
705 539 927 591 nnomurun.
1342 519 1382 590 13

246 666 424 756 columna,
448 665 681 754 aPausania,
704 672 783 760 post
802 673 943 759 partam
964 665 1058 760 apud
1091 664 1244 738 Plataeas
1272 666 1384 738 victo·

247 790 351 880 riam,
373 788 412 860 in
431 786 580 882 Delphis
608 787 743 877 dicata,
773 786 930 883 fatisque
947 787 1151 861 volentibus
1170 789 1385 885 Byzantium
1487 798 1489 804 ’

250 913 411 1004 advecta.
434 912 478 982 In
497 909 597 982 aereis
617 909 762 983 Plataeei
777 909 943 982 draconis
962 905 1080 1006 spiris,
1108 912 1387 985 Lacedaemonio

249 1059 346 1126 rum,
371 1033 657 1122 Atheniensium,
693 1032 971 1122 Corinthiorum,
998 1033 1246 1129 Tegeatarum,
1275 1055 1387 1106 xxnur

249 1157 384 1231 scilicet
416 1157 642 1252 populorum,
679 1154 811 1226 veteris
830 1141 1021 1248 majorum
1040 1156 1162 1260 gloriae
1194 1155 1333 1229 curiosi·
1357 1155 1388 1228 si

249 1278 411 1369 fuissent,
433 1279 550 1374 legere
581 1278 781 1374 potuissent
811 1277 1005 1374 Byzantini
1035 1277 1103 1375 (ι).
1134 1278 1229 1365 Quid
1262 1279 1306 1350 de
1334 1284 1389 1351 tot

240 1402 543 1498 triumphalibus
566 1401 604 1473 in
624 1401 860 1497 Hippodromi
875 1402 978 1496 spina
994 1402 1131 1491 arentia,
1149 1401 1389 1474 monumentis

254 1525 423 1598 disseram
434 1525 451 1596 ‘l
461 1524 573 1619 Spina
586 1525 681 1596 enim
693 1524 806 1596 omnis
821 1525 993 1619 praeteriti
1007 1525 1204 1620 splendoris
1219 1525 1390 1620 reliquias

254 1649 423 1720 servabat
445 1671 453 1720 :
476 1648 643 1720 Romanae
662 1646 783 1742 gloriae
802 1655 843 1719 ut
862 1647 1036 1719 Musaeum
1055 1647 1234 1741 quoddam
1254 1649 1387 1720 stabat.

303 1773 347 1843 In
364 1771 480 1866 spina,
503 1769 541 1842 in
565 1769 716 1866 Evertite,
738 1769 777 1840 in
797 1769 977 1867 Peraputo,
999 1770 1038 1842 in
1071 1770 1183 1864 portis
1213 1794 1253 1842 ac
1283 1770 1391 1864 porti-

256 1893 357 1965 cibus
389 1893 624 1987 Hippodromi
636 1948 646 1982 ,
676 1915 827 1987 magnus
861 1893 965 1988 quasi
999 1899 1203 1964 statuarum
1238 1890 1391 1987 populus
1449 1943 1453 1952 .

256 2024 483 2088 convenerat.
501 2016 594 2088 Nam
611 2015 748 2087 Phidiae
769 2039 809 2087 ac
828 2015 977 2087 Periclis
993 2013 1142 2105 Graecia,
1159 2014 1309 2086 Athenae
1323 2014 1390 2085 sci-

256 2137 412 2228 licet3—
430 2137 591 2210 Asiatica
611 2135 759 2226 Graecia,
783 2129 945 2232 Cynicus
962 2137 1114 2227 TralleS,
1134 2135 1274 2226 Sardes,
1291 2136 1393 2207 Atta-

253 2261 316 2350 lia,
336 2262 473 2356 Tyana,
497 2260 617 2350 Chios,
640 2261 773 2350 Nicaea,
794 2260 980 2350 Iconium,
996 2301 1046 2312 —
1064 2259 1232 2332 Hieronis
1252 2282 1292 2330 ac
1310 2258 1392 2330 Dio-

253 2383 437 2480 nysiorum
457 2382 608 2473 Graecia,
633 2382 755 2455 Sicilia
765 2407 775 2472 ;
792 2426 841 2436 —
856 2383 1074 2455 Ptolemaiou
1093 2381 1240 2472 Graecia,
1258 2381 1391 2476 AEgyp·

253 2513 330 2595 tus,
353 2505 391 2577 in
419 2529 520 2578 novae
554 2504 696 2578 Graeciae
727 2529 857 2579 novam
891 2506 1128 2601 metropolim,
1163 2489 1393 2577 Constantini

253 2626 378 2721 Magni
398 2636 708 2723 extemporaneam
727 2628 887 2717 Romam,
911 2627 1087 2723 quidquid
1106 2626 1252 2722 pretiosi
1271 2634 1307 2699 et
1325 2624 1393 2696 rni-

254 2749 407 2822 raculosi
434 2752 648 2840 habuerant,
672 2751 804 2822 orbatae
836 2751 1043 2846 invitaeque,
1066 2749 1250 2822 miserant.
1282 2749 1394 2820 Roma

256 2869 334 2963 ipsa
353 2871 534 2962 Tiberina,
559 2872 864 2965 ad'Bosporanam
883 2874 1030 2944 Romam
1048 2872 1295 2963 decorandam,
1314 2894 1395 2965 gen-

257 2991 348 3062 tium
364 2991 564 3086 spoliatrix,
586 2992 739 3086 spoliata
758 2993 889 3064 fuerat.
906 2995 1018 3065 Vetus
1033 2995 1145 3065 Roma
1163 3016 1263 3064 novae
1277 2995 1394 3064 Romae

257 3112 363 3184 decus
383 3136 487 3185 suum
507 3121 548 3184 et
561 3121 785 3204 ornamenta,
819 3121 861 3185 ut
885 3114 1033 3187 emerita
1052 3122 1217 3186 matrona
1236 3120 1395 3186 venustae

256 3236 400 3332 puellae,
422 3236 650 3340 tradiderat:
673 3237 848 3334 Byzantio
868 3237 1077 3310 restituerat
1089 3261 1167 3333 quae
1186 3261 1230 3310 ex
1244 3236 1397 3311 Athenis

257 3368 293 3432 et
312 3358 482 3456 Olympia
498 3358 622 3430 furata
639 3358 760 3431 fuerat
781 3358 792 3456 (
822 3358 848 3455 ).

307 3483 335 3554 E
355 3481 557 3555 Graecarum
574 3481 719 3554 urbium
736 3482 911 3554 moenibus
926 3505 967 3554 ac
983 3482 1096 3576 portis
1110 3491 1232 3578 erepta
1249 3482 1398 3556 fuerant

258 3611 462 3697 portentosa
480 3604 582 3702 signa
610 3603 813 3698 divinaeque
831 3610 971 3702 statuae,
994 3604 1125 3699 quibus
1144 3605 1322 3679 adhaerere
1340 3606 1397 3702 ,vi-

296 3903 333 3969 (1)
342 3896 445 3954 Herod.
455 3897 549 3964 lll,81.
559 3898 762 3962 —Pausanias
774 3897 806 3965 X,
820 3897 861 3966 13,
872 3899 897 3954 5.
908 3898 1124 3964 -Plutarchus,
1137 3899 1267 3954 ruamur.
1277 3915 1301 3955 c.
1314 3898 1395 3955 20.-

259 3981 445 4050 Zosimus,'ll,
462 3982 505 4038 31.
516 3993 553 4025 ’-
568 3982 778 4042 Bondelmonti.
800 4014 834 4025 -
848 3982 967 4054 Gyllius
990 4001 1019 4056 p.
1041 3983 1103 4040 377.
1120 4014 1150 4024 -
1174 3985 1396 4046 constantinia,

258 4085 286 4140 p.
297 4070 341 4124 77.
359 4065 559 4140 --Byzantios
576 4069 633 4134 t.1,
650 4085 677 4140 p.
695 4067 758 4125 ala.
774 4099 804 4109 -
816 4068 944 4131 Foucart,
961 4085 988 4140 p.
1004 4068 1096 4126 tali.
1109 4099 1140 4109 —
1151 4067 1325 4142 Bourquelct
1338 4088 1345 4125 z
1358 4069 1397 4124 La

261 4154 381 4210 calonna
395 4153 558 4222 serpentina
575 4155 593 4208 (t
609 4155 841 4223 Onustanta'uoplc.
863 4185 893 4194 -
912 4151 1043 4217 haharte,
1065 4170 1092 4225 p.
1116 4153 1160 4209 50.
1180 4183 1211 4196 -
1236 4152 1343 4209 Brunet
1363 4153 1398 4208 de

261 4235 363 4302 Presle,
389 4240 555 4293 Noticesur
575 4240 611 4292 les
635 4241 780 4294 tombauua
799 4240 995 4307 d'Evvpcraurs
1023 4240 1182 4306 byzantina,
1211 4236 1289 4294 1856.
1312 4267 1341 4277 -
1364 4237 1396 4296 A.

261 4318 387 4376 llumont
408 4339 415 4376 :
433 4323 529 4377 Nolicc
556 4339 609 4377 sur
636 4325 659 4377 lc
678 4325 769 4378 Marde
797 4326 829 4378 dc
852 4325 949 4380 Salute
965 4324 1054 4378 lrtnc.
1073 4353 1101 4362 —
1118 4321 1233 4379 Dethier
1245 4329 1274 4378 et
1292 4319 1414 4377 Mordt·'

261 4419 360 4458 maun.
379 4436 408 4445 -
424 4405 573 4463 Sulueddin
589 4407 664 4481 Bey:
686 4411 723 4464 tu
740 4411 863 4478 Tarqur'e
874 4409 891 4463 al
905 4409 1098 4477 v’napasuvon.

301 4490 338 4560 (2)
352 4494 442 4546 Anon.
459 4494 489 4547 in
500 4493 650 4561 Randurio,
667 4495 745 4560 llll,
759 4498 854 4560 initio,
872 4526 901 4534 --
917 4492 1052 4555 chinus
1065 4494 1098 4546 dc
1113 4491 1285 4559 Oriciaibus.
