3630 5658
859 603 905 650 na·
928 556 1126 642 tvttcavsmt'S
1146 545 1171 590 F·

1069 641 1263 737 acutionem!
1292 639 1404 710 lidem
1432 637 1488 708 illi
1508 637 1650 708 Prasini

573 611 614 684 os

609 701 1110 800 lllratnanimorumcomm⁶
1208 763 1215 778 ·
1379 761 1414 831 '1‘
1442 760 1508 831 ff
1618 769 1634 830 t

559 844 615 934 qul
639 835 757 904 l'ltocae
783 827 831 893 ad
856 795 1080 904 capessendum
1099 787 1280 858 tfflllerlllm
1304 785 1389 832 auxr
1405 785 1472 832 rar
1506 784 1615 831 ueran
1637 817 1647 850 ,

924 939 963 987 on
975 915 1089 998 parum
1108 882 1298 958 contulere..
1323 883 1416 954 Nam
1436 889 1477 953 ut
1494 883 1650 976 primum

1078 1016 1153 1077 tum
1165 1005 1369 1096 audierunt,
1383 1006 1552 1078 adversus
1564 1008 1651 1079 Pho-

1250 1128 1315 1224 (Γ).

581 1288 690 1358 Iidem
717 1297 797 1344 vero
827 1268 882 1336 illi
902 1253 1037 1342 Veneti,
1062 1277 1082 1322 a
1100 1253 1219 1323 Phoca
1237 1276 1386 1345 regnum
1406 1251 1554 1334 ineunte
1581 1253 1650 1322 ini-

530 1405 614 1480 mice
632 1388 786 1472 tractati,
804 1389 882 1474 post
900 1374 1074 1466 dejectum
1089 1373 1256 1463 Phocam,
1273 1381 1314 1443 ut
1328 1374 1476 1468 tyranni
1496 1373 1650 1445 fautores

533 1515 642 1592 habiti
668 1513 751 1580 sunt
760 1527 770 1590 ;
793 1503 1004 1590 Venetaeque
1030 1495 1195 1584 factionis
1221 1496 1395 1568 vexillum
1420 1520 1500 1568 cum
1524 1499 1651 1578 Leonis

526 1628 711 1721 Quaestoris
731 1622 845 1714 capite
865 1619 1088 1690 combustum
1113 1615 1123 1712 (
1148 1615 1176 1711 ).

568 1747 727 1839 Hippicae
746 1741 858 1833 igitur
876 1738 1050 1809 factiones
1070 1745 1205 1834 τὰμέρη,
1229 1763 1300 1809 non
1320 1740 1471 1833 publica
1488 1741 1647 1813 fuerunt.

567 1867 675 1939 Multi
689 1863 867 1958 principes
881 1862 943 1956 qui
958 1863 1079 1933 eodem
1100 1862 1218 1933 animo
1232 1864 1460 1956 respublicas
1481 1865 1650 1936 adminis-

520 2005 657 2067 travero
677 2009 747 2056 non
767 1985 861 2056 idem
891 1985 934 2056 de
959 1985 1118 2057 Prasinis
1148 1993 1211 2056 aut
1229 1986 1375 2057 Venetis
1395 2009 1556 2076 sensere;
1589 1996 1652 2059 aut

520 2114 655 2187 diverse
682 2108 725 2179 de
754 2107 937 2201 republica
966 2108 1170 2198 sentientes,
1207 2106 1363 2200 ejusdem
1382 2108 1548 2181 factionis
1571 2110 1651 2181 fau-

465 2315 467 2327 ,
520 2246 611 2307 tores
631 2231 811 2302 exstitere.

565 2354 675 2427 Multi
695 2359 758 2425 aut
777 2354 814 2425 in
836 2362 999 2426 neutram
1018 2353 1195 2448 propensi,
1227 2362 1290 2425 aut
1321 2354 1359 2425 in
1383 2362 1573 2451 utramque
1599 2380 1650 2428 se-

519 2478 607 2552 veri.

571 2601 641 2688 out
662 2601 942 2672 acclamantibus
960 2600 1118 2671 Prasinis
1150 2599 1337 2694 imperium
1365 2601 1526 2695 capessit,
1564 2625 1652 2696 saepe

521 2724 723 2796 dolentibus
742 2724 887 2795 Venetis
907 2724 1034 2793 throno
1055 2721 1226 2816 dejectus.

569 2847 732 2941 Denique
751 2846 875 2917 iisdem
890 2845 1108 2939 temporibus
1128 2846 1257 2939 quibus
1276 2845 1519 2940 frequentiora
1538 2846 1577 2917 in
1591 2845 1652 2916 im-

522 2969 619 3064 perio
649 2969 771 3040 civilia
805 2969 901 3039 bella
931 2967 998 3064 (3),
1032 2967 1147 3038 nescio
1181 2991 1250 3061 quo
1279 2976 1394 3062 pacto,
1429 2993 1473 3040 ex
1504 2969 1652 3040 historia

524 3091 803 3187 Byzantinisque
827 3091 1031 3162 Annalibus
1057 3089 1243 3161 evanuisse
1270 3090 1442 3162 factiones
1468 3091 1649 3163 videntur.

559 3363 595 3431 (l)
611 3361 740 3432 Niceph.,
757 3363 993 3432 Brevioriunap.
1011 3362 1033 3416 l,

560 3447 595 3516 (⁶2)
623 3445 838 3516 Obron.'l>osc.,
862 3447 973 3521 ιιι-701.
998 3477 1025 3486 -
1047 3444 1127 3500 Brevi
1151 3456 1255 3502 tarnem
1276 3453 1441 3502 coronatum
1467 3445 1501 3500 ab
1526 3445 1652 3501 lleraclio

523 3539 601 3601 patre
621 3529 803 3584 Constantem
823 3529 956 3585 unanimi
979 3527 1184 3584 acclamatione
1201 3538 1323 3601 utroquo
1341 3528 1425 3584 factio
1443 3529 1565 3600 excepit.
1580 3531 1650 3583 llio.

523 3633 552 3686 p.
566 3615 694 3672 toa-tot.

561 3697 597 3766 (3)
620 3695 716 3752 (bedcs
739 3696 814 3751 inter
835 3695 956 3752 Heraclii
980 3703 1124 3768 nepotes;
1150 3725 1183 3734 -
1202 3693 1275 3750 bella
1297 3695 1372 3751 inter
1395 3695 1591 3752 lustiniannm
1614 3696 1651 3761 ll,

522 3778 731 3852 Leontiumque
746 3787 775 3834 et
786 3777 974 3861 Philippicum
983 3777 1110 3844 ;-hella‚
1121 3785 1186 3849 post
1199 3778 1349 3849 expulsam
1357 3779 1511 3834 Isauricum
1523 3779 1652 3846 domum,

523 3865 600 3919 inter
613 3863 804 3936 Nicephorum
818 3862 1055 3936 Stauraciumque
1070 3871 1098 3920 et
1115 3862 1247 3919 Leonem
1258 3861 1293 3927 V,
1309 3892 1339 3904 -
1358 3862 1433 3919 inter
1447 3863 1614 3920 Micha'e'lem
1629 3862 1652 3917 ll

523 3965 555 4006 ac
568 3949 718 4019 Thomam,
736 3957 790 4006 etc.
