<?xml version="1.0" encoding="UTF-8"?>
<!DOCTYPE html PUBLIC "-//W3C//DTD XHTML 1.0 Transitional//EN"
    "http://www.w3.org/TR/xhtml1/DTD/xhtml1-transitional.dtd">
<html xmlns="http://www.w3.org/1999/xhtml" xml:lang="en" lang="en">
 <head>
  <title>
</title>
<meta http-equiv="Content-Type" content="text/html;charset=utf-8" />
  <meta name='ocr-system' content='tesseract 3.04.00' />
  <meta name='ocr-capabilities' content='ocr_page ocr_carea ocr_par ocr_line ocrx_word'/>
</head>
<body>
  <div class='ocr_page' id='page_1' title='image "./debyzantinohipp00rambgoog_0079.png"; bbox 0 0 3630 5658; ppageno 0'>
   <div class='ocr_carea' id='block_1_1' title="bbox 474 533 1329 608">
    <p class='ocr_par' dir='ltr' id='par_1_1' title="bbox 474 533 1329 608">
     <span class='ocr_line' id='line_1_1' title="bbox 474 533 1329 608; baseline 0.002 -4"><span class='ocrx_word' id='word_1_1' title='bbox 474 533 522 604; x_wconf 82' lang='lat' dir='ltr'><strong>bb</strong></span> <span class='ocrx_word' id='word_1_2' title='bbox 758 554 804 604; x_wconf 85' lang='lat' dir='ltr'><strong>un</strong></span> <span class='ocrx_word' id='word_1_3' title='bbox 831 552 1059 605; x_wconf 70' lang='lat' dir='ltr'><strong>cmcnrsmus</strong></span> <span class='ocrx_word' id='word_1_4' title='bbox 1085 554 1329 608; x_wconf 78' lang='lat' dir='ltr'><strong>rncrromaus.</strong></span> 
     </span>
    </p>
   </div>
   <div class='ocr_carea' id='block_1_2' title="bbox 465 677 1604 1772">
    <p class='ocr_par' dir='ltr' id='par_1_2' title="bbox 467 677 1604 1265">
     <span class='ocr_line' id='line_1_2' title="bbox 472 677 1601 777; baseline 0.004 -25"><span class='ocrx_word' id='word_1_5' title='bbox 472 679 651 752; x_wconf 87' lang='lat' dir='ltr'><strong>tiocheum</strong></span> <span class='ocrx_word' id='word_1_6' title='bbox 677 685 714 750; x_wconf 87' lang='lat' dir='ltr'><strong>ct</strong></span> <span class='ocrx_word' id='word_1_7' title='bbox 741 677 1084 773; x_wconf 90' lang='lat' dir='ltr'><strong>Hierosolymarium</strong></span> <span class='ocrx_word' id='word_1_8' title='bbox 1111 680 1397 773; x_wconf 88' lang='lat' dir='ltr'><strong>patriarchatum</strong></span> <span class='ocrx_word' id='word_1_9' title='bbox 1421 684 1601 777; x_wconf 87' lang='lat' dir='ltr'><strong>restituit,</strong></span> 
     </span>
     <span class='ocr_line' id='line_1_3' title="bbox 473 801 1604 900; baseline 0.004 -25"><span class='ocrx_word' id='word_1_10' title='bbox 473 802 726 897; x_wconf 83' lang='lat' dir='ltr'><strong>Acaciumque,</strong></span> <span class='ocrx_word' id='word_1_11' title='bbox 769 809 893 897; x_wconf 80' lang='lat' dir='ltr'>utpote</span> <span class='ocrx_word' id='word_1_12' title='bbox 919 801 1168 891; x_wconf 82' lang='lat' dir='ltr'><strong>orthodoxum,</strong></span> <span class='ocrx_word' id='word_1_13' title='bbox 1202 804 1406 900; x_wconf 82' lang='lat' dir='ltr'><strong>Byzantina</strong></span> <span class='ocrx_word' id='word_1_14' title='bbox 1436 807 1517 880; x_wconf 86' lang='lat' dir='ltr'><strong>sede</strong></span> <span class='ocrx_word' id='word_1_15' title='bbox 1534 832 1604 881; x_wconf 83' lang='lat' dir='ltr'><strong>mo</strong></span> 
     </span>
     <span class='ocr_line' id='line_1_4' title="bbox 472 923 1603 1018; baseline 0.005 -22"><span class='ocrx_word' id='word_1_16' title='bbox 472 948 554 996; x_wconf 86' lang='lat' dir='ltr'><strong>vere</strong></span> <span class='ocrx_word' id='word_1_17' title='bbox 582 923 732 996; x_wconf 82' lang='lat' dir='ltr'><strong>studuit.</strong></span> <span class='ocrx_word' id='word_1_18' title='bbox 755 924 838 997; x_wconf 89' lang='lat' dir='ltr'><strong>Utri</strong></span> <span class='ocrx_word' id='word_1_19' title='bbox 857 933 976 996; x_wconf 88' lang='lat' dir='ltr'><strong>tamen</strong></span> <span class='ocrx_word' id='word_1_20' title='bbox 993 925 1107 1018; x_wconf 90' lang='lat' dir='ltr'><strong>magis</strong></span> <span class='ocrx_word' id='word_1_21' title='bbox 1132 925 1303 998; x_wconf 88' lang='lat' dir='ltr'><strong>faverunt</strong></span> <span class='ocrx_word' id='word_1_22' title='bbox 1329 928 1499 1002; x_wconf 81' lang='lat' dir='ltr'><strong>Prasini?</strong></span> <span class='ocrx_word' id='word_1_23' title='bbox 1522 930 1603 1004; x_wconf 89' lang='lat' dir='ltr'><strong>Non</strong></span> 
     </span>
     <span class='ocr_line' id='line_1_5' title="bbox 476 1047 1603 1144; baseline 0.006 -25"><span class='ocrx_word' id='word_1_24' title='bbox 476 1047 664 1120; x_wconf 89' lang='lat' dir='ltr'><strong>manifesto</strong></span> <span class='ocrx_word' id='word_1_25' title='bbox 684 1047 853 1119; x_wconf 87' lang='lat' dir='ltr'><strong>haereseos</strong></span> <span class='ocrx_word' id='word_1_26' title='bbox 872 1048 1051 1139; x_wconf 81' lang='lat' dir='ltr'><strong>sectatori,</strong></span> <span class='ocrx_word' id='word_1_27' title='bbox 1068 1047 1130 1120; x_wconf 86' lang='lat' dir='ltr'><strong>sed</strong></span> <span class='ocrx_word' id='word_1_28' title='bbox 1147 1050 1313 1144; x_wconf 89' lang='lat' dir='ltr'><strong>ambiguo</strong></span> <span class='ocrx_word' id='word_1_29' title='bbox 1328 1051 1499 1134; x_wconf 72' lang='lat' dir='ltr'><strong>Henotz&#39;ca&#39;,</strong></span> <span class='ocrx_word' id='word_1_30' title='bbox 1513 1055 1603 1126; x_wconf 80' lang='lat' dir='ltr'><strong>celc-</strong></span> 
     </span>
     <span class='ocr_line' id='line_1_6' title="bbox 467 1169 1121 1265; baseline 0 -23"><span class='ocrx_word' id='word_1_31' title='bbox 467 1171 614 1244; x_wconf 85' lang='lat' dir='ltr'><strong>berrimi</strong></span> <span class='ocrx_word' id='word_1_32' title='bbox 640 1171 740 1242; x_wconf 91' lang='lat' dir='ltr'><strong>illius</strong></span> <span class='ocrx_word' id='word_1_33' title='bbox 769 1169 889 1261; x_wconf 88' lang='lat' dir='ltr'><strong>edicti,</strong></span> <span class='ocrx_word' id='word_1_34' title='bbox 911 1169 1121 1265; x_wconf 85' lang='lat' dir='ltr'><strong>legislatori.</strong></span> 
     </span>
    </p>

    <p class='ocr_par' dir='ltr' id='par_1_3' title="bbox 465 1306 1603 1772">
     <span class='ocr_line' id='line_1_7' title="bbox 515 1306 1603 1404; baseline 0.004 -22"><span class='ocrx_word' id='word_1_35' title='bbox 515 1308 742 1397; x_wconf 83' lang='lat' dir='ltr'><strong>Anastasius,</strong></span> <span class='ocrx_word' id='word_1_36' title='bbox 774 1306 837 1402; x_wconf 92' lang='lat' dir='ltr'><strong>qui</strong></span> <span class='ocrx_word' id='word_1_37' title='bbox 854 1307 1125 1404; x_wconf 88' lang='lat' dir='ltr'><strong>Monophysitas</strong></span> <span class='ocrx_word' id='word_1_38' title='bbox 1144 1309 1310 1381; x_wconf 81' lang='lat' dir='ltr'><strong>ardenter</strong></span> <span class='ocrx_word' id='word_1_39' title='bbox 1335 1311 1459 1402; x_wconf 85' lang='lat' dir='ltr'><strong>coluit,</strong></span> <span class='ocrx_word' id='word_1_40' title='bbox 1483 1312 1603 1386; x_wconf 90' lang='lat' dir='ltr'><strong>Mani·</strong></span> 
     </span>
     <span class='ocr_line' id='line_1_8' title="bbox 467 1430 1602 1529; baseline 0.003 -25"><span class='ocrx_word' id='word_1_41' title='bbox 467 1433 714 1526; x_wconf 77' lang='lat' dir='ltr'><strong>charorumque</strong></span> <span class='ocrx_word' id='word_1_42' title='bbox 738 1431 846 1502; x_wconf 88' lang='lat' dir='ltr'><strong>etiam</strong></span> <span class='ocrx_word' id='word_1_43' title='bbox 866 1437 968 1502; x_wconf 87' lang='lat' dir='ltr'><strong>sectae</strong></span> <span class='ocrx_word' id='word_1_44' title='bbox 988 1430 1151 1502; x_wconf 90' lang='lat' dir='ltr'><strong>addictus</strong></span> <span class='ocrx_word' id='word_1_45' title='bbox 1177 1431 1361 1505; x_wconf 86' lang='lat' dir='ltr'><strong>ferebatur</strong></span> <span class='ocrx_word' id='word_1_46' title='bbox 1381 1433 1448 1529; x_wconf 83' lang='lat'><strong>(1),</strong></span> <span class='ocrx_word' id='word_1_47' title='bbox 1483 1435 1602 1507; x_wconf 91' lang='lat' dir='ltr'><strong>Prasi-</strong></span> 
     </span>
     <span class='ocr_line' id='line_1_9' title="bbox 468 1553 1602 1650; baseline 0.002 -24"><span class='ocrx_word' id='word_1_48' title='bbox 468 1578 531 1628; x_wconf 90' lang='lat' dir='ltr'><strong>nos</strong></span> <span class='ocrx_word' id='word_1_49' title='bbox 549 1555 670 1628; x_wconf 88' lang='lat' dir='ltr'><strong>fovere</strong></span> <span class='ocrx_word' id='word_1_50' title='bbox 693 1553 872 1626; x_wconf 89' lang='lat' dir='ltr'><strong>debuisset</strong></span> <span class='ocrx_word' id='word_1_51' title='bbox 893 1577 901 1624; x_wconf 94' lang='lat'>:</span> <span class='ocrx_word' id='word_1_52' title='bbox 924 1553 1136 1648; x_wconf 90' lang='lat' dir='ltr'><strong>quibuscum</strong></span> <span class='ocrx_word' id='word_1_53' title='bbox 1157 1561 1278 1627; x_wconf 89' lang='lat' dir='ltr'><strong>tamen</strong></span> <span class='ocrx_word' id='word_1_54' title='bbox 1297 1563 1509 1650; x_wconf 87' lang='lat' dir='ltr'><strong>perpetuum</strong></span> <span class='ocrx_word' id='word_1_55' title='bbox 1527 1581 1602 1629; x_wconf 91' lang='lat' dir='ltr'><strong>cer-</strong></span> 
     </span>
     <span class='ocr_line' id='line_1_10' title="bbox 465 1675 776 1772; baseline -0.006 -22"><span class='ocrx_word' id='word_1_56' title='bbox 465 1685 589 1750; x_wconf 87' lang='lat' dir='ltr'><strong>tamen</strong></span> <span class='ocrx_word' id='word_1_57' title='bbox 610 1675 776 1772; x_wconf 89' lang='lat' dir='ltr'><strong>agitavit.</strong></span> 
     </span>
    </p>
   </div>
   <div class='ocr_carea' id='block_1_3' title="bbox 465 1813 1602 2254">
    <p class='ocr_par' dir='ltr' id='par_1_4' title="bbox 465 1813 1602 2254">
     <span class='ocr_line' id='line_1_11' title="bbox 513 1813 1602 1909; baseline 0.001 -24"><span class='ocrx_word' id='word_1_58' title='bbox 513 1813 723 1904; x_wconf 88' lang='lat' dir='ltr'><strong>Mauricius,</strong></span> <span class='ocrx_word' id='word_1_59' title='bbox 751 1815 814 1909; x_wconf 91' lang='lat' dir='ltr'><strong>qui</strong></span> <span class='ocrx_word' id='word_1_60' title='bbox 839 1815 1074 1887; x_wconf 88' lang='lat' dir='ltr'><strong>Marcianista</strong></span> <span class='ocrx_word' id='word_1_61' title='bbox 1103 1815 1285 1905; x_wconf 85' lang='lat' dir='ltr'><strong>audiebat,</strong></span> <span class='ocrx_word' id='word_1_62' title='bbox 1320 1815 1478 1887; x_wconf 81' lang='lat' dir='ltr'><strong>maxima</strong></span> <span class='ocrx_word' id='word_1_63' title='bbox 1507 1815 1602 1909; x_wconf 91' lang='lat' dir='ltr'><strong>apud</strong></span> 
     </span>
     <span class='ocr_line' id='line_1_12' title="bbox 465 1935 1598 2029; baseline 0 -22"><span class='ocrx_word' id='word_1_64' title='bbox 465 1935 764 2029; x_wconf 87' lang='lat' dir='ltr'><strong>Prasinosgratia</strong></span> <span class='ocrx_word' id='word_1_65' title='bbox 787 1959 861 2008; x_wconf 90' lang='lat' dir='ltr'><strong>esse</strong></span> <span class='ocrx_word' id='word_1_66' title='bbox 881 1936 1072 2008; x_wconf 87' lang='lat' dir='ltr'><strong>debuisset.</strong></span> <span class='ocrx_word' id='word_1_67' title='bbox 1095 1937 1146 2008; x_wconf 84' lang='lat' dir='ltr'><strong>At</strong></span> <span class='ocrx_word' id='word_1_68' title='bbox 1158 1935 1299 2008; x_wconf 90' lang='lat' dir='ltr'><strong>Prasini</strong></span> <span class='ocrx_word' id='word_1_69' title='bbox 1317 1943 1353 2008; x_wconf 87' lang='lat' dir='ltr'><strong>et</strong></span> <span class='ocrx_word' id='word_1_70' title='bbox 1369 1936 1598 2027; x_wconf 90' lang='lat' dir='ltr'><strong>Mauricium,</strong></span> 
     </span>
     <span class='ocr_line' id='line_1_13' title="bbox 465 2055 1602 2155; baseline 0.001 -26"><span class='ocrx_word' id='word_1_71' title='bbox 465 2065 502 2129; x_wconf 88' lang='lat' dir='ltr'><strong>et</strong></span> <span class='ocrx_word' id='word_1_72' title='bbox 522 2055 753 2149; x_wconf 87' lang='lat' dir='ltr'><strong>Germanum,</strong></span> <span class='ocrx_word' id='word_1_73' title='bbox 773 2066 810 2131; x_wconf 87' lang='lat' dir='ltr'><strong>et</strong></span> <span class='ocrx_word' id='word_1_74' title='bbox 829 2057 1116 2149; x_wconf 84' lang='lat' dir='ltr'><strong>Constantinam,</strong></span> <span class='ocrx_word' id='word_1_75' title='bbox 1135 2059 1314 2131; x_wconf 82' lang='lat' dir='ltr'><strong>exitiabili</strong></span> <span class='ocrx_word' id='word_1_76' title='bbox 1328 2058 1408 2132; x_wconf 93' lang='lat' dir='ltr'><strong>odio</strong></span> <span class='ocrx_word' id='word_1_77' title='bbox 1424 2059 1602 2155; x_wconf 87' lang='lat' dir='ltr'><strong>prosecuti</strong></span> 
     </span>
     <span class='ocr_line' id='line_1_14' title="bbox 467 2190 564 2254; baseline 0 0"><span class='ocrx_word' id='word_1_78' title='bbox 467 2190 564 2254; x_wconf 91' lang='lat' dir='ltr'><strong>sunt.</strong></span> 
     </span>
    </p>
   </div>
   <div class='ocr_carea' id='block_1_4' title="bbox 357 2317 1600 2761">
    <p class='ocr_par' dir='ltr' id='par_1_5' title="bbox 357 2317 1600 2761">
     <span class='ocr_line' id='line_1_15' title="bbox 512 2317 1597 2414; baseline -0.001 -24"><span class='ocrx_word' id='word_1_79' title='bbox 512 2318 712 2390; x_wconf 86' lang='lat' dir='ltr'><strong>Haereticus</strong></span> <span class='ocrx_word' id='word_1_80' title='bbox 723 2317 1266 2391; x_wconf 81' lang='lat' dir='ltr'><strong>dicebaturPhocasAtPrasini</strong></span> <span class='ocrx_word' id='word_1_81' title='bbox 1275 2317 1472 2414; x_wconf 88' lang='lat' dir='ltr'><strong>principem</strong></span> <span class='ocrx_word' id='word_1_82' title='bbox 1480 2318 1597 2408; x_wconf 93' lang='lat' dir='ltr'><strong>illum,</strong></span> 
     </span>
     <span class='ocr_line' id='line_1_16' title="bbox 462 2440 1600 2543; baseline 0.002 -31"><span class='ocrx_word' id='word_1_83' title='bbox 462 2440 569 2513; x_wconf 89' lang='lat' dir='ltr'><strong>initio</strong></span> <span class='ocrx_word' id='word_1_84' title='bbox 600 2448 744 2512; x_wconf 88' lang='lat' dir='ltr'><strong>tantum</strong></span> <span class='ocrx_word' id='word_1_85' title='bbox 762 2440 865 2536; x_wconf 88' lang='lat' dir='ltr'><strong>regni</strong></span> <span class='ocrx_word' id='word_1_86' title='bbox 889 2442 1072 2543; x_wconf 91' lang='lat' dir='ltr'><strong>dilectum,</strong></span> <span class='ocrx_word' id='word_1_87' title='bbox 1096 2441 1275 2514; x_wconf 85' lang='lat' dir='ltr'><strong>conviciis·</strong></span> <span class='ocrx_word' id='word_1_88' title='bbox 1291 2441 1333 2518; x_wconf 53' lang='lat' dir='ltr'><strong>in.</strong></span> <span class='ocrx_word' id='word_1_89' title='bbox 1356 2440 1600 2536; x_wconf 92' lang='lat' dir='ltr'><strong>Hippodromo</strong></span> 
     </span>
     <span class='ocr_line' id='line_1_17' title="bbox 357 2562 1600 2668; baseline -0.001 -32"><span class='ocrx_word' id='word_1_90' title='bbox 357 2631 362 2636; x_wconf 85' lang='lat'><strong>.</strong></span> <span class='ocrx_word' id='word_1_91' title='bbox 463 2564 633 2636; x_wconf 81' lang='lat' dir='ltr'><strong>lacessere</strong></span> <span class='ocrx_word' id='word_1_92' title='bbox 670 2587 742 2636; x_wconf 94' lang='lat' dir='ltr'><strong>non</strong></span> <span class='ocrx_word' id='word_1_93' title='bbox 779 2562 974 2654; x_wconf 87' lang='lat' dir='ltr'><strong>desierunt,</strong></span> <span class='ocrx_word' id='word_1_94' title='bbox 1009 2562 1197 2659; x_wconf 85' lang='lat' dir='ltr'><strong>ipsumque</strong></span> <span class='ocrx_word' id='word_1_95' title='bbox 1235 2585 1275 2635; x_wconf 89' lang='lat' dir='ltr'><strong>ac</strong></span> <span class='ocrx_word' id='word_1_96' title='bbox 1305 2562 1487 2668; x_wconf 84' lang='lat' dir='ltr'><strong>ministros</strong></span> <span class='ocrx_word' id='word_1_97' title='bbox 1523 2562 1600 2656; x_wconf 90' lang='lat' dir='ltr'><strong>ejus</strong></span> 
     </span>
     <span class='ocr_line' id='line_1_18' title="bbox 463 2688 745 2761; baseline -0.007 -2"><span class='ocrx_word' id='word_1_98' title='bbox 463 2688 745 2761; x_wconf 85' lang='lat' dir='ltr'><strong>combusserunt.</strong></span> 
     </span>
    </p>
   </div>
   <div class='ocr_carea' id='block_1_5' title="bbox 462 2998 1598 3468">
    <p class='ocr_par' dir='ltr' id='par_1_6' title="bbox 462 2998 1598 3468">
     <span class='ocr_line' id='line_1_19' title="bbox 510 2998 1598 3097; baseline -0.008 -19"><span class='ocrx_word' id='word_1_99' title='bbox 510 3005 560 3078; x_wconf 94' lang='lat' dir='ltr'><strong>II.</strong></span> <span class='ocrx_word' id='word_1_100' title='bbox 583 3047 633 3060; x_wconf 93' lang='lat'>—</span> <span class='ocrx_word' id='word_1_101' title='bbox 653 3002 954 3097; x_wconf 79' lang='lat' dir='ltr'><strong>Quotiescunque,</strong></span> <span class='ocrx_word' id='word_1_102' title='bbox 976 3001 1136 3096; x_wconf 89' lang='lat' dir='ltr'><strong>quolibet</strong></span> <span class='ocrx_word' id='word_1_103' title='bbox 1152 3001 1302 3072; x_wconf 88' lang='lat' dir='ltr'><strong>istorum</strong></span> <span class='ocrx_word' id='word_1_104' title='bbox 1320 2998 1523 3094; x_wconf 86' lang='lat' dir='ltr'><strong>principum</strong></span> <span class='ocrx_word' id='word_1_105' title='bbox 1536 2998 1598 3070; x_wconf 94' lang='lat' dir='ltr'><strong>im-</strong></span> 
     </span>
     <span class='ocr_line' id='line_1_20' title="bbox 463 3122 1598 3226; baseline -0.007 -26"><span class='ocrx_word' id='word_1_106' title='bbox 463 3134 625 3226; x_wconf 81' lang='lat' dir='ltr'><strong>perante,</strong></span> <span class='ocrx_word' id='word_1_107' title='bbox 650 3127 776 3200; x_wconf 90' lang='lat' dir='ltr'><strong>seditio</strong></span> <span class='ocrx_word' id='word_1_108' title='bbox 803 3125 926 3219; x_wconf 89' lang='lat' dir='ltr'><strong>aliqua</strong></span> <span class='ocrx_word' id='word_1_109' title='bbox 946 3124 1129 3218; x_wconf 84' lang='lat' dir='ltr'><strong>religionis</strong></span> <span class='ocrx_word' id='word_1_110' title='bbox 1151 3146 1260 3195; x_wconf 88' lang='lat' dir='ltr'><strong>causa</strong></span> <span class='ocrx_word' id='word_1_111' title='bbox 1278 3122 1424 3211; x_wconf 85' lang='lat' dir='ltr'><strong>exarsit,</strong></span> <span class='ocrx_word' id='word_1_112' title='bbox 1454 3145 1598 3193; x_wconf 77' lang='lat' dir='ltr'><strong>evanes</strong></span> 
     </span>
     <span class='ocr_line' id='line_1_21' title="bbox 462 3231 1596 3344; baseline -0.007 -21"><span class='ocrx_word' id='word_1_113' title='bbox 462 3260 550 3323; x_wconf 90' lang='lat' dir='ltr'><strong>cunt</strong></span> <span class='ocrx_word' id='word_1_114' title='bbox 557 3251 754 3323; x_wconf 86' lang='lat' dir='ltr'><strong>factionum</strong></span> <span class='ocrx_word' id='word_1_115' title='bbox 765 3231 923 3321; x_wconf 85' lang='lat' dir='ltr'><strong>nomina.</strong></span> <span class='ocrx_word' id='word_1_116' title='bbox 940 3248 993 3319; x_wconf 88' lang='lat' dir='ltr'><strong>De</strong></span> <span class='ocrx_word' id='word_1_117' title='bbox 1011 3247 1155 3341; x_wconf 92' lang='lat' dir='ltr'><strong>populo,</strong></span> <span class='ocrx_word' id='word_1_118' title='bbox 1179 3270 1249 3319; x_wconf 93' lang='lat' dir='ltr'><strong>non</strong></span> <span class='ocrx_word' id='word_1_119' title='bbox 1269 3246 1313 3318; x_wconf 88' lang='lat' dir='ltr'><strong>de</strong></span> <span class='ocrx_word' id='word_1_120' title='bbox 1330 3251 1426 3344; x_wconf 67' lang='grc' dir='ltr'><em>δήμως</em></span> <span class='ocrx_word' id='word_1_121' title='bbox 1435 3243 1596 3317; x_wconf 92' lang='lat' dir='ltr'><strong>historici</strong></span> 
     </span>
     <span class='ocr_line' id='line_1_22' title="bbox 462 3373 673 3468; baseline -0.009 -23"><span class='ocrx_word' id='word_1_122' title='bbox 462 3373 673 3468; x_wconf 89' lang='lat' dir='ltr'><strong>loquuntur.</strong></span> 
     </span>
    </p>
   </div>
   <div class='ocr_carea' id='block_1_6' title="bbox 458 3502 1605 4344">
    <p class='ocr_par' dir='ltr' id='par_1_7' title="bbox 458 3502 1605 4344">
     <span class='ocr_line' id='line_1_23' title="bbox 513 3502 1594 3599; baseline -0.008 -17"><span class='ocrx_word' id='word_1_123' title='bbox 513 3507 681 3582; x_wconf 89' lang='lat' dir='ltr'><strong>Omnium</strong></span> <span class='ocrx_word' id='word_1_124' title='bbox 699 3506 984 3579; x_wconf 88' lang='lat' dir='ltr'><strong>turbatissimum</strong></span> <span class='ocrx_word' id='word_1_125' title='bbox 1005 3505 1189 3578; x_wconf 85' lang='lat' dir='ltr'><strong>Anastasii</strong></span> <span class='ocrx_word' id='word_1_126' title='bbox 1215 3503 1415 3599; x_wconf 90' lang='lat' dir='ltr'><strong>imperium.</strong></span> <span class='ocrx_word' id='word_1_127' title='bbox 1445 3504 1492 3575; x_wconf 83' lang='lat' dir='ltr'><strong>Et</strong></span> <span class='ocrx_word' id='word_1_128' title='bbox 1514 3502 1594 3597; x_wconf 91' lang='lat' dir='ltr'><strong>hip-</strong></span> 
     </span>
     <span class='ocr_line' id='line_1_24' title="bbox 462 3624 1595 3726; baseline -0.007 -22"><span class='ocrx_word' id='word_1_129' title='bbox 462 3633 562 3726; x_wconf 85' lang='lat' dir='ltr'><strong>picae,</strong></span> <span class='ocrx_word' id='word_1_130' title='bbox 585 3638 620 3703; x_wconf 90' lang='lat' dir='ltr'><strong>et</strong></span> <span class='ocrx_word' id='word_1_131' title='bbox 638 3630 810 3725; x_wconf 85' lang='lat' dir='ltr'><strong>religiosae</strong></span> <span class='ocrx_word' id='word_1_132' title='bbox 826 3628 1016 3701; x_wconf 90' lang='lat' dir='ltr'><strong>seditiones</strong></span> <span class='ocrx_word' id='word_1_133' title='bbox 1029 3627 1330 3722; x_wconf 87' lang='lat' dir='ltr'><strong>deflagraverunt.</strong></span> <span class='ocrx_word' id='word_1_134' title='bbox 1355 3624 1424 3698; x_wconf 86' lang='lat' dir='ltr'><strong>Sed</strong></span> <span class='ocrx_word' id='word_1_135' title='bbox 1442 3624 1595 3720; x_wconf 90' lang='lat' dir='ltr'><strong>hippicis</strong></span> 
     </span>
     <span class='ocr_line' id='line_1_25' title="bbox 462 3748 1594 3847; baseline -0.006 -20"><span class='ocrx_word' id='word_1_136' title='bbox 462 3755 678 3827; x_wconf 89' lang='lat' dir='ltr'><strong>tumultibus</strong></span> <span class='ocrx_word' id='word_1_137' title='bbox 706 3754 808 3825; x_wconf 92' lang='lat' dir='ltr'><strong>nulla</strong></span> <span class='ocrx_word' id='word_1_138' title='bbox 834 3753 1001 3847; x_wconf 88' lang='lat' dir='ltr'><strong>religiosa</strong></span> <span class='ocrx_word' id='word_1_139' title='bbox 1026 3775 1134 3824; x_wconf 89' lang='lat' dir='ltr'><strong>causa</strong></span> <span class='ocrx_word' id='word_1_140' title='bbox 1160 3750 1320 3841; x_wconf 85' lang='lat' dir='ltr'><strong>exstitit;</strong></span> <span class='ocrx_word' id='word_1_141' title='bbox 1352 3749 1391 3821; x_wconf 96' lang='lat' dir='ltr'><strong>in</strong></span> <span class='ocrx_word' id='word_1_142' title='bbox 1420 3748 1594 3844; x_wconf 83' lang='lat' dir='ltr'><strong>religiosis</strong></span> 
     </span>
     <span class='ocr_line' id='line_1_26' title="bbox 461 3853 1605 3968; baseline -0.005 -18"><span class='ocrx_word' id='word_1_143' title='bbox 461 3902 546 3950; x_wconf 85' lang='lat' dir='ltr'><strong>vero</strong></span> <span class='ocrx_word' id='word_1_144' title='bbox 565 3878 731 3966; x_wconf 88' lang='lat' dir='ltr'><strong>motibus,</strong></span> <span class='ocrx_word' id='word_1_145' title='bbox 754 3876 882 3949; x_wconf 85' lang='lat' dir='ltr'><strong>Veneti</strong></span> <span class='ocrx_word' id='word_1_146' title='bbox 897 3900 937 3948; x_wconf 89' lang='lat' dir='ltr'><strong>ac</strong></span> <span class='ocrx_word' id='word_1_147' title='bbox 955 3875 1097 3948; x_wconf 90' lang='lat' dir='ltr'><strong>Prasini</strong></span> <span class='ocrx_word' id='word_1_148' title='bbox 1112 3875 1250 3947; x_wconf 89' lang='lat' dir='ltr'><strong>nullam</strong></span> <span class='ocrx_word' id='word_1_149' title='bbox 1273 3874 1347 3946; x_wconf 86' lang='lat' dir='ltr'><strong>fere</strong></span> <span class='ocrx_word' id='word_1_150' title='bbox 1366 3880 1504 3968; x_wconf 88' lang='lat' dir='ltr'><strong>partem</strong></span> <span class='ocrx_word' id='word_1_151' title='bbox 1527 3853 1605 3944; x_wconf 71' lang='lat' dir='ltr'><strong>ha!</strong></span> 
     </span>
     <span class='ocr_line' id='line_1_27' title="bbox 460 3997 1593 4095; baseline -0.004 -21"><span class='ocrx_word' id='word_1_152' title='bbox 460 4004 581 4074; x_wconf 89' lang='lat' dir='ltr'><strong>buere.</strong></span> <span class='ocrx_word' id='word_1_153' title='bbox 610 4003 687 4074; x_wconf 89' lang='lat' dir='ltr'><strong>Hoc</strong></span> <span class='ocrx_word' id='word_1_154' title='bbox 710 4001 819 4073; x_wconf 89' lang='lat' dir='ltr'><strong>etiam</strong></span> <span class='ocrx_word' id='word_1_155' title='bbox 847 4001 974 4095; x_wconf 88' lang='lat' dir='ltr'><strong>cuique</strong></span> <span class='ocrx_word' id='word_1_156' title='bbox 992 3999 1222 4072; x_wconf 85' lang='lat' dir='ltr'><strong>manifestum</strong></span> <span class='ocrx_word' id='word_1_157' title='bbox 1243 3997 1441 4093; x_wconf 88' lang='lat' dir='ltr'><strong>apparebit,</strong></span> <span class='ocrx_word' id='word_1_158' title='bbox 1468 3998 1531 4093; x_wconf 94' lang='lat' dir='ltr'><strong>qui</strong></span> <span class='ocrx_word' id='word_1_159' title='bbox 1550 3997 1593 4069; x_wconf 86' lang='lat' dir='ltr'><strong>de</strong></span> 
     </span>
     <span class='ocr_line' id='line_1_28' title="bbox 459 4122 1593 4221; baseline -0.004 -25"><span class='ocrx_word' id='word_1_160' title='bbox 459 4124 647 4221; x_wconf 86' lang='lat' dir='ltr'><strong>praecipuis</strong></span> <span class='ocrx_word' id='word_1_161' title='bbox 676 4123 784 4218; x_wconf 88' lang='lat' dir='ltr'><strong>hujus</strong></span> <span class='ocrx_word' id='word_1_162' title='bbox 812 4123 915 4219; x_wconf 86' lang='lat' dir='ltr'><strong>regni</strong></span> <span class='ocrx_word' id='word_1_163' title='bbox 945 4122 1179 4196; x_wconf 88' lang='lat' dir='ltr'><strong>seditionibus</strong></span> <span class='ocrx_word' id='word_1_164' title='bbox 1213 4128 1401 4195; x_wconf 80' lang='lat' dir='ltr'><strong>narrantes</strong></span> <span class='ocrx_word' id='word_1_165' title='bbox 1433 4127 1593 4194; x_wconf 82' lang='lat' dir='ltr'><strong>auctores</strong></span> 
     </span>
     <span class='ocr_line' id='line_1_29' title="bbox 458 4247 675 4344; baseline -0.028 -24"><span class='ocrx_word' id='word_1_166' title='bbox 458 4247 616 4344; x_wconf 88' lang='lat' dir='ltr'><strong>legerit:</strong></span> <span class='ocrx_word' id='word_1_167' title='bbox 667 4302 675 4314; x_wconf 92' lang='lat'><strong>.</strong></span> 
     </span>
    </p>
   </div>
   <div class='ocr_carea' id='block_1_7' title="bbox 494 4511 1031 4586">
    <p class='ocr_par' dir='ltr' id='par_1_8' title="bbox 494 4511 1031 4586">
     <span class='ocr_line' id='line_1_30' title="bbox 494 4511 1031 4586; baseline 0.004 -18"><span class='ocrx_word' id='word_1_168' title='bbox 494 4512 687 4584; x_wconf 69' lang='lat' dir='ltr'><strong>(llilvagrius,</strong></span> <span class='ocrx_word' id='word_1_169' title='bbox 701 4512 747 4582; x_wconf 90' lang='grc'>111,</span> <span class='ocrx_word' id='word_1_170' title='bbox 758 4511 801 4584; x_wconf 76' lang='lat'><strong>32,</strong></span> <span class='ocrx_word' id='word_1_171' title='bbox 818 4528 846 4586; x_wconf 87' lang='lat' dir='ltr'><strong>p.</strong></span> <span class='ocrx_word' id='word_1_172' title='bbox 865 4512 929 4571; x_wconf 79' lang='lat'><strong>361.</strong></span> <span class='ocrx_word' id='word_1_173' title='bbox 1026 4537 1031 4544; x_wconf 93' lang='lat'><em>·</em></span> 
     </span>
    </p>
   </div>
   <div class='ocr_carea' id='block_1_8' title="bbox 0 0 1820 5658">
    <p class='ocr_par' dir='ltr' id='par_1_9' title="bbox 0 0 1820 5658">
     <span class='ocr_line' id='line_1_31' title="bbox 0 0 1820 5658; baseline 0 4"><span class='ocrx_word' id='word_1_174' title='bbox 0 0 1820 5658; x_wconf 95' lang='lat' dir='ltr'><strong> </strong></span> 
     </span>
    </p>
   </div>
  </div>
 </body>
</html>
