3630 5658
480 551 527 619 68
766 574 812 622 on
838 573 1068 624 ornerxsrnrs
1094 572 1338 623 rxcrrosrnt's.

480 705 574 766 tates
601 695 777 789 religiosis
804 697 961 766 dissidiis
983 696 1172 790 pnetextui
1203 695 1315 766 fuere.
1357 696 1437 766 Xon
1460 719 1525 790 pro
1543 695 1615 766 bae-

480 819 603 889 reticis
622 820 776 906 Prasini,
800 844 870 890 non
894 844 958 913 pro
978 819 1185 888 orthodoxis
1210 817 1340 888 l'eneti
1366 825 1556 888 steterunt.
1571 818 1615 888 In

481 964 614 1034 magna
628 941 714 1011 anni
731 941 801 1011 532
817 941 1002 1026 seditione,
1017 938 1209 1012 Mondntor
1221 939 1388 1010 Prasinos
1401 937 1558 1032 quidem,
1574 946 1616 1010 nt

480 1065 713 1153 blanicbaeos,
738 1065 895 1152 Judaeos,
926 1063 1136 1150 Samarites,
1159 1049 1321 1157 increpat
1343 1087 1352 1133 :
1382 1063 1443 1134 sed
1461 1087 1537 1134 mos
1554 1064 1616 1135 ille

480 1188 645 1259 inimicos
673 1186 883 1280 increpandi
911 1186 1102 1279 peculiaris
1125 1185 1337 1280 Byzantinis
1359 1185 1432 1256 fuit
1454 1210 1463 1256 :
1489 1186 1615 1280 cuique

479 1319 516 1382 et
541 1310 691 1381 cuilibet
720 1333 805 1379 suns
839 1307 1066 1378 adversarius
1099 1331 1163 1400 pro
1195 1306 1320 1378 Jndaeo
1354 1317 1418 1378 aut
1450 1308 1613 1379 baeretico

481 1441 572 1504 erat.
610 1431 697 1516 Quae
717 1430 879 1501 convicia
898 1430 937 1500 in
963 1430 1148 1500 adversam
1170 1438 1309 1522 partem
1333 1430 1479 1501 Prasini
1504 1437 1615 1501 retor-

481 1555 653 1648 quebant,
670 1554 809 1647 ipsique
823 1553 1101 1623 exclamabant:
1126 1578 1144 1619 a
1162 1549 1233 1636 Qui
1253 1552 1512 1646 Imperatorem
1534 1575 1615 1624 nos-

478 1686 575 1748 trum
596 1700 684 1749 rera
703 1676 844 1747 credere
858 1675 1017 1768 negabit,
1036 1673 1227 1744 anathema
1247 1674 1306 1745 sit.
1322 1701 1341 1742 r
1356 1717 1407 1728 -
1423 1675 1615 1746 blandator

480 1801 525 1871 ad
540 1801 725 1872 Prasinos:
744 1827 762 1868 a
778 1801 849 1870 l'os
863 1799 901 1869 in
916 1798 1025 1868 unius
1039 1797 1106 1868 Dei
1119 1799 1261 1869 nomine
1271 1799 1449 1893 baptizari
1458 1797 1568 1892 jubeo
1578 1824 1612 1891 »3

478 1966 528 1975 —
545 1924 689 1995 Prasini
717 1923 762 1993 ad
790 1923 1041 1994 blandatorem
1070 1945 1078 1992 :
1110 1949 1129 1990 a
1161 1923 1218 1993 ln'
1234 1921 1344 1993 unius
1375 1923 1443 1994 Dei
1474 1923 1616 2018 nomine

479 2049 658 2144 baptizati
677 2047 811 2118 fuimus
833 2075 867 2118 r.

524 2189 575 2259 At
601 2187 778 2258 haereticis
804 2209 990 2281 nunqnam
1010 2209 1084 2256 mos
1102 2183 1174 2256 fnit
1192 2185 1297 2258 fidem
1323 2211 1425 2260 suam
1443 2188 1611 2261 dissimu-

479 2311 555 2383 lare
576 2335 617 2382 ac
636 2311 811 2404 denegare
831 2318 939 2404 atque
958 2307 1121 2380 infitiari.
1173 2315 1178 2328 '

529 2583 599 2655 ΙΙΙ.
627 2625 677 2636 -
706 2585 750 2655 In
783 2585 947 2655 omnibus
974 2585 1195 2675 civitatibus,
1223 2587 1466 2680 Alexandria,
1486 2589 1614 2663 Antio-

481 2708 582 2795 chiae,
597 2708 711 2795 Tarsi,
725 2707 918 2777 factionem
931 2731 1122 2802 quamque,
1140 2733 1221 2781 eum
1228 2711 1431 2806 Byzantina
1439 2713 1612 2785 concolori

480 2830 637 2902 factione
663 2829 871 2901 concordem
896 2828 1005 2900 fuisse
1028 2830 1197 2903 vidimus.
1220 2833 1353 2906 Eadem
1382 2835 1492 2907 factio
1524 2861 1614 2930 prae-

479 2963 578 3026 terea
609 2955 730 3026 eodem
749 2961 905 3047 tempore
933 2962 969 3024 et
987 2954 1155 3049 Byzantii
1174 2957 1267 3028 etin
1287 2960 1481 3052 provinciis
1500 2959 1613 3032 domi-

481 3078 650 3148 nabatur.

530 3220 577 3289 Et
604 3226 725 3288 tamen
757 3217 879 3289 eodem
915 3227 1073 3314 tempore
1109 3243 1179 3314 quo
1210 3223 1433 3318 Byzantinus
1463 3225 1615 3320 populus

481 3348 585 3411 tanto
628 3341 746 3411 animo
776 3341 1024 3414 orthodoxiam
1056 3348 1295 3437 asseverabat,
1332 3347 1549 3420 Antiocheni
1579 3357 1615 3420 et

481 3462 722 3535 Alexandrini
758 3464 941 3552 AElurum,
987 3467 1133 3539 Petrum
1174 3469 1365 3564 blongum,
1404 3472 1611 3564 Fullonem,

482 3586 707 3677 Dioscurum,
726 3586 1061 3682 llonophysitarum
1079 3590 1270 3686 principes,
1292 3595 1556 3667 sustentabant.

532 3858 596 3928 IV.
618 3899 669 3909 -
690 3857 789 3928 Adeo
819 3881 891 3928 non
911 3868 950 3934 ad
976 3867 1048 3960 μέρη
1066 3860 1239 3956 religiosa
1259 3862 1429 3956 phratriae
1452 3865 1611 3959 fuerunt,

483 3988 525 4052 ut
554 3979 813 4053 Samaritarum
841 3989 877 4052 et
903 3982 1108 4058 ludaeorum
1130 3985 1240 4058 etiam
1272 3987 1418 4060 nomina
1441 3989 1482 4061 in
1499 3990 1614 4072 later-

484 4103 566 4174 cula
584 4126 650 4174 sua
669 4102 889 4176 admiserint.

531 4240 710 4311 Narratur
745 4241 840 4311 enim
873 4243 916 4312 ab
950 4244 1154 4317 auctoribus
1189 4247 1350 4339 Judaeos,
1390 4249 1429 4321 in
1468 4251 1615 4324 civitate

485 4361 645 4435 Caesarea
661 4361 874 4452 Palaestina,
902 4387 996 4434 anno
1022 4364 1105 4457 556,
1125 4369 1270 4440 Venetae
1296 4395 1337 4442 ac
1358 4372 1516 4444 Prasinae
1539 4375 1614 4446 fac·
1649 4427 1652 4431 -

483 4484 622 4555 tionum
646 4484 740 4556 inter
760 4509 796 4557 se
815 4485 963 4558 dissidia
982 4488 1202 4583 simulanter,
1226 4493 1439 4569 christianos
1458 4496 1615 4590 ejusdem
