3688 5680
452 455 499 550 98
742 469 788 521 nn
813 466 1042 522 crsouusrsus
1066 463 1310 519 raorroursus.

500 601 556 674 llx
584 621 627 672 ea
646 595 693 669 ad
710 595 814 668 illam
832 595 979 667 classem
997 617 1060 689 per
1085 593 1312 690 Imperialem
1329 592 1582 666 investituram

451 722 778 820 promovebantur3
814 715 1045 812 bigariusque
1072 715 1111 787 in
1140 714 1354 788 heniochum
1384 723 1579 810 promotus,

451 853 550 918 veste
572 841 742 941 (δημόσιον),
760 841 934 938 galeaque
945 845 1113 933 argentea
1128 835 1348 933 (venerabile
1365 839 1584 936 archinrici

452 993 556 1059 zona,
587 992 667 1063 quae
691 965 774 1038 solis
816 962 1001 1036 heniochis
1023 960 1220 1057 peculiaria
1254 961 1415 1053 fuerunt,
1454 963 1582 1035 indue-

450 1071 646 1188 batur.(1').
665 1086 848 1161 Henioche
865 1083 1096 1180 privilegium
1121 1091 1211 1176 erat,
1239 1085 1393 1158 exclusis
1419 1086 1579 1181 bigamia,

450 1223 531 1312 post
549 1212 739 1286 victoriam
757 1211 797 1282 in
816 1232 923 1281 curru
941 1207 1141 1302 tripudiare
1165 1207 1176 1304 (
1202 1207 1228 1304 ).

498 1337 643 1433 Aurigae
661 1333 756 1430 apud
777 1330 996 1429 Byzantinos
1008 1330 1205 1403 maximum
1219 1331 1336 1414 locum
1356 1332 1579 1406 obtinebant.

448 1461 550 1536 Nihil
569 1461 643 1533 iere
661 1457 755 1554 quod
767 1456 814 1529 iis
834 1455 970 1528 animos
990 1453 1118 1526 addere
1133 1462 1262 1549 posset,
1280 1455 1493 1549 neglectum.
1516 1457 1584 1529 His

446 1555 652 1680 privilegia,
686 1579 743 1652 his
774 1578 990 1652 severiorum
1023 1575 1260 1671 quarumdam
1291 1601 1490 1672 prunarum,
1526 1578 1584 1651 his

373 1705 375 1711 ’
447 1707 655 1803 graviorum
685 1705 904 1778 tributorum
934 1695 1180 1774 immunitates
1200 1700 1339 1795 legibus
1362 1711 1398 1775 et
1428 1703 1584 1798 impera-

449 1839 569 1903 torum
594 1828 719 1902 edictis
735 1827 989 1900 tribuebantur
1009 1823 1076 1921 (3).

496 1953 541 2025 In
569 1949 811 2046 Hippodromo
840 1945 1078 2018 illustriorum
1105 1945 1313 2042 aurigarum
1342 1947 1444 2044 signa
1469 1950 1584 2047 erige·

521 2083 583 2146 tur
662 2129 670 2144 ·

447 2071 659 2286 baliluordhi
680 2194 720 2302 in
739 2193 817 2267 basi
837 2191 1041 2264 laudatoria
1071 2191 1171 2287 epigr
1173 2201 1329 2268 ammata
1354 2195 1581 2291 legebantur·

448 2465 552 2539 gerins,
567 2481 592 2522 c.
613 2463 657 2535 44,
671 2480 699 2537 p.
720 2462 793 2534 686),
815 2461 1022 2534 adjiciebantur
1044 2460 1183 2520 vocabula
1197 2479 1203 2517 :
1219 2464 1315 2531 primo
1339 2468 1369 2519 et
1387 2464 1442 2518 scii
1455 2461 1579 2532 (Panvin.

463 2595 469 2624 '
485 2634 514 2691 3ο
526 2632 660 2690 Prasinus
671 2639 699 2688 et
712 2630 839 2687 Venetus
853 2629 1014 2688 heniochus
1029 2627 1141 2685 decimo
1154 2628 1268 2695 saeculo,
1291 2630 1343 2686 soli
1361 2638 1446 2688 erant
1459 2631 1505 2705 qui
1519 2633 1582 2702 fac-

450 2723 570 2777 tionarii
590 2719 674 2775 titulo
692 2717 892 2788 gloriarentur.
907 2716 994 2772 Albus
1013 2723 1042 2771 ct
1057 2713 1192 2770 llussntus
1212 2715 1372 2773 heniochus
1393 2721 1584 2790 miercpcniia

450 2815 563 2862 tanturn
587 2800 822 2860 nominabantur.
838 2804 1014 2858 lectionarii
1033 2799 1117 2855 ambo
1130 2803 1242 2868 majora
1257 2803 1373 2866 cecilia,
1390 2805 1585 2872 micropcniia

449 2887 534 2945 ambo
544 2890 673 2952 minora„
682 2884 711 2940 id
721 2893 764 2940 est
778 2884 925 2940 minorum
939 2883 1109 2949 factionum,
1120 2884 1228 2938 cecilia
1241 2883 1393 2954 gestabant
1404 2883 1449 2952 (dc
1461 2893 1585 2957 quatuor

448 2970 553 3035 πανίοις,
571 2970 607 3026 cl.
625 2973 693 3028 dar.
709 2968 730 3036 Ι,
747 2967 791 3038 69,
808 2985 836 3040 p.
855 2967 925 3034 336).

483 3047 707 3123 Micrcpanitesi
723 3045 835 3123 δεύτερος
851 3066 966 3124 quoque
983 3047 1188 3104 nominabatur
1204 3066 1210 3103 :
1225 3025 1258 3103 ui
1271 3047 1320 3120 qui
1338 3046 1497 3104 factionarii
1515 3066 1587 3123 quo-

448 3134 602 3192 dammodo
620 3134 713 3190 locum
727 3141 846 3207 teneret,
861 3136 1045 3204 minoresque
1058 3148 1145 3204 quarn
1165 3130 1351 3188 lectionarius
1365 3136 1584 3189 consuetudines

451 3217 608 3290 accipiebat
623 3219 745 3283 (Carica.
760 3217 780 3286 l,
796 3217 840 3280 69,
852 3233 880 3288 p.
899 3215 1030 3280 ais-mu
1044 3214 1077 3284 ΙΙ,
1094 3214 1147 3283 55).

486 3303 516 3358 4⁰
535 3303 567 3358 ln
594 3300 764 3375 quibusdam
785 3303 855 3358 locis
878 3302 912 3357 de
938 3310 1059 3374 quatuor
1073 3309 1186 3358 tanturn
1201 3303 1341 3358 heniochis
1365 3304 1475 3374 agitur‚·
1497 3304 1528 3360 in
1547 3303 1584 3359 iis

449 3385 574 3458 demque
586 3384 655 3441 locis
669 3401 759 3458 quum
771 3384 1002 3440 lectionariorum
1013 3393 1042 3442 et
1056 3386 1311 3459 micropanitarum
1326 3387 1405 3442 nulla
1419 3387 1529 3444 mentio
1546 3387 1584 3442 sit

451 3476 571 3542 (Uarini.
587 3473 607 3538 Ι,
623 3473 665 3542 69,
682 3491 710 3545 p.
726 3473 841 3530 cao-337
856 3505 887 3515 —
904 3473 936 3539 ll,
953 3474 996 3539 15,
1010 3490 1038 3546 p.
1056 3475 1128 3544 589),
1150 3474 1298 3531 fatendum
1318 3483 1364 3532 est
1383 3486 1504 3548 quatuor
1519 3476 1583 3534 illos

450 3559 561 3630 aurigas
571 3557 644 3613 nihil
658 3557 713 3612 nisi
726 3557 928 3630 micropanitas
941 3557 1025 3613 ambo
1039 3565 1068 3614 et
1081 3558 1263 3614 lectionarios
1278 3558 1362 3615 ambo
1375 3560 1475 3616 fuisse.

486 3644 526 3698 Ex
546 3643 635 3699 altera
654 3651 749 3699 tomen
769 3653 859 3715 parte,
881 3642 989 3716 aliquid
1008 3654 1111 3700 nostrae
1134 3644 1260 3716 opinioni
1281 3644 1416 3716 derogare
1438 3645 1582 3715 videntur,

452 3727 579 3798 subjecta
591 3727 653 3783 loca
670 3746 676 3782 :
696 3728 723 3781 l⁰
736 3727 883 3797 aegrotanti
897 3726 1062 3782 lectionario
1076 3735 1127 3782 aut
1140 3727 1335 3798 micrcpanitre
1351 3727 1476 3800 aliquem
1494 3745 1510 3784 e
1530 3745 1583 3784 sua

451 3809 575 3882 factione
590 3808 620 3864 in
633 3809 725 3864 vicem
737 3825 818 3864 suam
833 3807 1018 3876 naulochum,
1037 3809 1086 3882 qui
1101 3819 1163 3865 turn
1177 3809 1298 3865 vicarius
1307 3809 1464 3880 dicebatur,
1479 3811 1583 3881 eligere

451 3891 519 3946 licet
534 3893 613 3958 (Car.
630 3889 651 3958 1,
666 3892 709 3961 ts,
728 3909 755 3964 p.
772 3890 833 3956 334)
846 3909 854 3958 ;
873 3891 904 3946 2⁰
918 3891 952 3948 de
965 3892 1067 3966 quinto
1080 3893 1165 3950 etiarn
1180 3891 1324 3949 henioohc
1337 3894 1446 3952 mentio
1458 3894 1581 3951 incidit:

450 3971 464 4028 ὁ
478 3971 590 4048 πέμπτος
604 3971 702 4044 ἡνίοχος
718 3974 799 4041 (ibid.
814 3990 841 4045 p.
858 3974 929 4045 335).

487 4057 524 4126 (Ι)
535 4057 606 4113 ibid.
620 4056 641 4122 Ι,
657 4057 700 4120 69,
715 4073 743 4128 p.
759 4054 884 4114 ete-331.

488 4145 523 4213 (i)
539 4147 611 4201 ibid.
623 4161 652 4216 p.
670 4143 731 4201 329.

486 4229 522 4299 (3)
536 4231 627 4288 Oodcc
641 4231 769 4285 Tbecdcs.
782 4229 839 4298 XV,
852 4232 877 4300 5,
894 4232 924 4298 7;
940 4230 1007 4300 lllll,
1025 4231 1068 4288 lo.
1080 4261 1115 4274 -
1131 4233 1335 4290 Oodcaiusiin.
1351 4232 1395 4299 ΙΙΙ,
1408 4235 1451 4292 40.

487 4314 523 4384 (4)
544 4313 577 4369 ln
598 4315 733 4371 omnihus
756 4315 842 4371 etiarn
861 4314 943 4372 Urbis
965 4316 1041 4380 locis,
1064 4316 1088 4371 si
1109 4316 1217 4374 invidia
1229 4318 1437 4391 Imperatorum
1455 4319 1576 4390 sivisset,

449 4408 543 4458 crecta
565 4400 700 4460 luissent.
714 4404 786 4459 ibid.
802 4417 831 4445 -’
847 4402 886 4460 Dc
898 4403 1022 4476 majani,
1039 4401 1164 4461 Gratiani
1178 4405 1290 4476 edictis,
1305 4406 1442 4479 Sabatier,
1457 4423 1487 4480 p.
1502 4407 1529 4463 i.
