3630 5660
684 1163 840 1251 CAPUT
868 1179 899 1250 Ι.

310 1397 438 1457 QUIBUS
456 1395 576 1450 CAUSIS
595 1397 807 1450 BYZANTINAE
824 1397 1018 1451 anemonas
1037 1393 1277 1449 COALUERINT.

235 1687 238 1699 .
275 1629 361 1715 Quae
388 1628 433 1701 de
461 1625 612 1723 antiqua
644 1627 855 1719 factionum,
890 1653 953 1702 scu
989 1645 1046 1705 τῶν
1074 1643 1188 1728 μερῶν,
1222 1625 1360 1722 origine
1424 1719 1425 1724 Ἰ

224 1753 395 1826 finxerint
413 1751 607 1848 Byzantini
628 1751 696 1850 (1),
728 1754 771 1826 de
796 1753 851 1825 his
871 1752 1065 1826 silebimus.
1101 1754 1151 1825 At
1170 1752 1213 1824 de
1233 1749 1359 1824 coaevis

224 1875 359 1948 Neroni
377 1874 584 1968 imperatori
606 1875 766 1948 Prasinis
788 1876 1006 1949 mentionem
1033 1876 1128 1970 apud
1152 1875 1358 1948 Martialem

226 2004 368 2092 poetam
403 1997 559 2092 reperias
598 1997 665 2096 (2).
706 2000 744 2073 Si
779 1999 825 2072 iis
857 1998 935 2092 jam
963 2000 1184 2095 temporibus
1216 1997 1359 2071 Prasini

226 2119 339 2211 fuere,
361 2127 453 2193 certe
475 2120 632 2193 adversis
659 2122 806 2196 Venetis
842 2122 940 2195 locus
977 2131 1066 2195 erat.
1101 2122 1208 2218 Apud
1236 2121 1357 2194 Titum

226 2243 382 2333 Livium,
422 2244 466 2316 de
501 2243 665 2318 Bassaris
696 2245 769 2342 (3),
806 2245 901 2341 apud
931 2241 1104 2336 Plinium,
1140 2246 1184 2318 de
1208 2242 1357 2318 Albanis

229 2366 328 2460 equis
352 2365 415 2463 (1)),
450 2376 678 2439 memoratur.
709 2367 822 2440 Primi
848 2368 962 2462 igitur
994 2368 1112 2441 saeculi
1135 2367 1254 2457 initi0,
1279 2364 1357 2459 jam

226 2495 381 2582 quatuor
400 2488 573 2561 factiones
592 2488 635 2562 de
654 2490 809 2585 praemiis
828 2489 1105 2564 contendebant.

275 2611 334 2682 An
353 2612 480 2684 saeculo
498 2613 612 2706 primo
634 2613 852 2708 antiquiores
870 2614 1018 2704 fuerint,
1042 2638 1113 2685 non
1143 2613 1230 2684 satis
1257 2637 1358 2685 cons-

226 2739 283 2806 tat
304 2759 312 2805 :
335 2733 379 2806 de
397 2734 453 2806 his
471 2735 579 2825 cuim,
596 2736 764 2808 Romana
775 2737 991 2831 Reipublicae
1003 2731 1235 2831 temporibus,
1256 2736 1361 2807 nulla

229 2856 374 2928 mentio.
397 2857 528 2929 Eodem
546 2866 704 2958 tempore
720 2883 789 2952 quo
802 2857 954 2930 Romani
968 2860 1217 2953 imperatores
1233 2858 1360 2931 factio·
1396 2869 1399 2880 '

230 3000 292 3049 nes
311 2985 348 3049 et
367 2979 500 3072 aurigae
515 2961 554 3050 in
569 2978 773 3050 Annalibus
791 2980 946 3073 primum
967 2989 1153 3074 apparent.

278 3100 489 3172 Faotionum
501 3099 613 3194 igitur
632 3099 795 3172 simultas
815 3101 1055 3194 Imperatoriae
1077 3101 1264 3197 tyrannidi
1280 3126 1363 3175 eoae-

229 3233 350 3298 tanea.
375 3224 493 3311 Quum
508 3223 609 3295 curia
619 3229 655 3296 et
673 3222 787 3295 forum
812 3230 942 3317 pacata
958 3223 1099 3314 siluere,
1120 3233 1208 3297 tunc
1227 3226 1362 3298 exarsit

229 3349 365 3422 Circus.
388 3349 487 3420 Tunc
506 3346 666 3419 historici
687 3369 728 3418 ac
745 3353 857 3440 poetae
876 3346 919 3417 de
943 3347 1031 3438 illis,
1061 3348 1219 3420 obscuris
1248 3373 1363 3443 quon·

230 3474 325 3562 dam,
347 3470 565 3544 factionibus
586 3468 729 3563 copiosi.
757 3468 857 3541 Libri
883 3476 989 3563 atque
1015 3470 1265 3564 inscriptiones
1300 3494 1364 3542 au-

231 3594 389 3690 rigarum
408 3616 649 3689 equorumque
680 3590 897 3681 nominibus,
932 3593 1163 3686 victoriarum
1201 3617 1241 3665 ac
1273 3617 1364 3688 prae-

184 3761 187 3767 ·
231 3717 383 3790 miorum
401 3716 513 3807 fama,
539 3715 671 3812 plebeii
696 3714 830 3788 favoris
855 3714 1009 3809 fragore,
1033 3715 1135 3810 quasi
1154 3723 1361 3809 personant.

232 3841 336 3914 Plebs
353 3839 390 3911 in
410 3839 593 3935 gradibus,
615 3836 764 3911 crastini
783 3837 974 3932 spectaculi
990 3837 1133 3932 cupida,
1153 3828 1359 3932 pernoctat,

267 4070 302 4141 11)
320 4071 422 4128 dhreo.
436 4067 519 4123 Parc.
532 4082 560 4138 p.
575 4064 639 4123 206.
657 4095 689 4106 -
704 4062 821 4121 Gedren.
841 4070 860 4119 t.
878 4062 899 4132 1,
913 4080 942 4136 p.
958 4063 1021 4121 158.

267 4181 306 4250 (i)
450 4179 543 4248 sapius
556 4178 588 4231 11
600 4179 706 4248 palmam
719 4177 836 4232 Prasinus
848 4177 964 4246 postlata
978 4177 1086 4230 Neronis
1171 4259 1174 4262 Ι

269 4347 349 4405 Mart.
365 4348 384 4403 l.
399 4265 670 4416 Xl.Pe-Nlld¹dlriuius
684 4345 703 4402 l.
718 4345 739 4416 1,
757 4361 781 4402 c.
798 4345 1101 4414 1111111911111111111.

270 4444 306 4513 (3)
319 4443 483 4508 Paruimus,
497 4446 569 4500 iota.
1167 4439 1170 4444 ’

269 4527 307 4600 (l)
320 4526 437 4596 Plinius,
451 4525 520 4598 Vlll,
537 4526 579 4581 11.
599 4556 628 4565 -
642 4525 729 4582 Panv.
745 4525 815 4582 ibid.
