3630 5658
711 585 826 640 11111
851 587 887 638 1.
1316 561 1361 634 83

230 712 420 808 podromus
447 711 526 805 jam
556 736 628 785 non
658 712 742 785 fuit.
781 713 923 786 Circum
954 711 1119 786 omnibus
1148 711 1367 785 ornamentis

232 836 498 926 defraudatum,
520 835 685 931 pretiosis
703 835 868 909 omnibus
888 836 1010 934 signis,
1030 835 1178 933 Lysippi
1196 834 1363 922 Hercule,

231 960 417 1054 Apollonii
429 960 565 1055 Tyanei
575 959 710 1055 aquila,
723 960 865 1032 Romuli
879 960 978 1055 lupa,
992 957 1204 1032 suavissima
1214 957 1367 1052 denique

232 1083 373 1156 Helena
389 1083 579 1178 spoliatum
604 1084 653 1180 (1)
676 1082 787 1156 Graeci
802 1083 997 1157 deseruere.
1014 1083 1185 1155 Iileenim
1204 1104 1275 1153 non
1290 1078 1368 1174 jam

234 1206 390 1302 antiquae
410 1203 532 1299 gloriae
551 1214 796 1297 monumenta,
819 1229 891 1278 non
912 1202 989 1299 jam
1016 1205 1103 1278 artis
1129 1202 1369 1301 pulcherrima

235 1327 397 1417 artificia,
415 1329 475 1400 sed
491 1328 665 1401 deformia
684 1335 721 1401 et
738 1328 842 1400 victae
857 1328 1075 1400 orthodoxiae
1094 1335 1131 1399 et
1138 1325 1368 1421 triumphatae

233 1449 375 1524 Graeciae
393 1451 612 1543 testimonia,
638 1451 869 1524 moerentibus
887 1451 1063 1540 cordibae,
1090 1449 1368 1546 lugentibusque

233 1575 345 1646 oculis
359 1575 565 1647 exhibebat.
583 1575 804 1648 Defioratum
816 1597 857 1646 11
872 1573 1122 1647 dedecoratum
1137 1573 1280 1645 Circum
1298 1568 1370 1641 rui-

234 1721 359 1770 nosum
379 1698 545 1794 pendere,
568 1692 825 1770 invadentibus
844 1696 963 1768 herbis
983 1720 1025 1768 11
1039 1694 1162 1790 spinis,
1188 1694 1363 1780 siverunt,

233 1829 270 1893 et
287 1821 524 1892 moribundus
547 1820 609 1892 ille
643 1821 796 1916 populus
823 1820 1078 1906 moribundum
1102 1841 1205 1890 suum
1228 1815 1366 1910 Hippo-

234 1942 396 2014 dromum
411 1941 618 2037 desperatus
638 1942 853 2037 negligebat.

282 2067 328 2138 Et
348 2073 482 2155 tamen,
505 2073 633 2161 quarto
653 2064 787 2136 decimo
807 2065 917 2136 etiam
937 2064 1076 2153 saeculo,
1099 2061 1257 2135 Oodinus
1275 2059 1369 2131 inter·
1420 2065 1423 2070 “

237 2191 327 2262 aulae
346 2189 528 2261 redivivas
542 2188 775 2277 caerimonias,
792 2194 984 2283 utrumque
1002 2185 1254 2274 Demarchum,
1271 2182 1369 2282 (lurn-

236 2313 347 2384 mulos
377 2311 575 2383 factionum
601 2319 812 2406 gestantem,
841 2309 982 2381 inducit
1014 2308 1079 2406 (1),
1106 2307 1369 2403 praeteritorum

237 2442 433 2529 temporum
470 2443 647 2506 extremos
684 2442 792 2506 testes
829 2440 865 2504 et
907 2430 1155 2504 defunctorum
1192 2429 1368 2503 eternorum

236 2556 444 2650 superstites
464 2563 571 2649 atque
591 2556 693 2627 orbos
712 2554 831 2626 duces.

272 2833 308 2902 (1)
322 2830 443 2898 Nicetes,
460 2833 525 2887 Urbs
539 2832 636 2902 Ocpto,
653 2831 800 2899 01119111.

274 2919 310 2990 (1)
324 2917 460 2985 Codinus,
477 2920 512 2974 De
527 2920 639 2988 officiis,
658 2933 682 2972 1.
698 2915 723 2986 6,
738 2932 768 2970 n.
783 2913 827 2971 27.
