3630 5660
719 543 833 595 cnPur
859 546 909 595 111.
1001 589 1003 594 .
1334 526 1377 600 53

293 667 375 739 Non
406 665 548 739 Prasini
584 673 741 757 tantum,
778 690 800 739 a
834 668 1042 742 iustiniano
1072 672 1166 743 male
1198 672 1282 763 acti,
1319 674 1380 747 sed

245 789 374 864 Veneti
388 789 511 880 etiam,
532 787 592 860 sed
605 787 757 883 populus
775 787 902 880 omnis,
920 797 974 862 tot
992 791 1163 864 molestiis
1186 793 1313 884 iratus,
1341 794 1380 868 in

244 913 505 987 incendendam
521 912 659 1003 urbem,
685 913 724 985 in
745 912 1021 986 contemnendas
1045 915 1245 989 Justiniani
1260 941 1380 1012 preces

245 1041 498 1110 consenserunt
526 1059 534 1108 :
570 1035 646 1131 qui,
664 1036 805 1142 Joanne
825 1059 866 1108 ac
885 1036 1102 1110 lbiboniano
1123 1038 1235 1130 officio
1258 1040 1377 1132 motis,

246 1159 552 1254 Evangeliumque
580 1159 746 1231 manibus
777 1166 933 1254 gestans,
965 1159 1004 1232 in
1022 1137 1307 1256 Hippodromum
1333 1163 1379 1236 ad

246 1282 528 1356 concionandum
551 1304 766 1376 progressus,
800 1283 966 1377 explosus
984 1283 1023 1355 in
1049 1283 1232 1356 Palatium
1254 1269 1375 1358 rediit.

293 1407 472 1480 Narratur
488 1405 736 1500 aquibusdam
754 1405 788 1477 N
791 1413 952 1495 arsetem,
971 1413 1035 1478 aut
1047 1414 1193 1500 erogata
1209 1407 1376 1502 pecunia,

248 1537 310 1602 aut
341 1536 533 1602 memorato
567 1527 681 1599 veteri
716 1528 945 1623 imperatoris
978 1529 1016 1600 in
1048 1505 1202 1601 Venetos
1239 1530 1375 1621 favore,

245 1654 417 1751 quosdam
436 1675 540 1724 exea
558 1649 713 1723 factione
743 1651 781 1723 in
800 1650 1001 1724 Justiniani
1027 1658 1147 1746 partes
1165 1653 1375 1742 retraxisse;

218 1785 220 1790 '
246 1800 374 1871 eosque
387 1776 409 1849 J
411 1775 593 1846 ustiniano
609 1774 820 1869 Imperatori
834 1797 958 1846 rursus
976 1773 1241 1864 acclamavisse,
1258 1775 1380 1848 militi·

246 1901 384 1993 busque
407 1897 614 1990 conjunctos
625 1896 848 1992 cumreliquo
859 1897 990 1991 populo
1005 1919 1132 1969 manus
1147 1898 1375 1970 conseruisse.

249 2021 317 2094 Sed
334 2021 480 2118 qnidam
508 2045 552 2092 ex
571 2020 732 2111 Venetis,
766 2044 837 2092 non
856 2019 985 2093 Veneti
1016 2042 1136 2092 omnes
1159 2044 1180 2124 a
1206 2020 1380 2092 seditione

246 2144 465 2216 defecerunt.
481 2143 594 2216 Pauci
621 2149 714 2214 certe
734 2142 881 2214 fuerunt
901 2164 909 2212 ε
932 2141 976 2213 de
998 2165 1070 2237 qua
1098 2141 1307 2232 defectione,
1338 2147 1381 2214 nt

248 2266 291 2338 de
305 2290 342 2338 re
358 2289 429 2338 non
448 2266 570 2360 magni
589 2265 772 2355 momenti,
796 2264 897 2337 siluit
909 2264 1112 2359 Procopius.

296 2388 411 2460 Multo
431 2386 545 2480 major
570 2389 717 2461 Venetae
746 2387 914 2459 factionis
940 2410 1036 2481 pare,
1069 2386 1221 2459 Prasina
1250 2387 1376 2478 omnis,

246 2510 456 2605 reliquaque
471 2508 585 2580 omnis
603 2507 797 2579 multitudo
813 2508 850 2579 in
865 2508 1121 2603 Hippodromo,
1141 2508 1299 2604 Hypatio
1321 2532 1378 2580 ac-

247 2633 454 2720 clamantes
476 2636 760 2725 permanserunt.
782 2628 852 2714 Qui
877 2652 1009 2718 omneS,
1032 2628 1160 2700 Mundi
1183 2652 1224 2701 ac
1243 2629 1379 2702 Belisa-

247 2754 293 2826 rii
306 2753 482 2825 militibus
495 2752 764 2842 invadentibus
783 2751 858 2824 sinc
873 2752 999 2824 coloris
1010 2751 1213 2824 discrimine
1229 2752 1378 2824 mactati

248 2876 461 2949 oeciderunt.
479 2875 580 2948 Nulli
596 2875 718 2964 colori,
735 2876 953 2965 nccVenetO,
977 2899 1041 2948 nec
1058 2875 1221 2965 Prasino,
1240 2874 1376 2947 satelli·

247 3006 325 3070 tum
344 2998 485 3093 gladius
499 2997 655 3093 pepercit
679 2996 743 3094 (r).
767 2997 850 3070 Sine
869 2997 996 3069 coloris
1015 2997 1230 3086 discrimine,
1259 3019 1378 3070 omnes

248 3144 356 3216 prope
393 3121 547 3194 Nebrom
578 3129 716 3216 portam
751 3120 948 3214 promiscue
992 3115 1135 3215 sepulti.
1172 3119 1304 3192 Occisis
1340 3119 1379 3191 in

247 3243 488 3339 Hippodromo
502 3242 654 3337 triginta
663 3242 821 3338 quinque
832 3243 890 3314 vel
900 3242 1142 3338 quadraginta
1156 3242 1289 3315 civium
1302 3240 1382 3314 mil-

246 3367 353 3455 libus,
379 3366 502 3438 nullus
525 3389 590 3438 nec
611 3366 769 3438 Venetus
801 3388 865 3437 nec
893 3365 1078 3456 Prasinus,
1115 3365 1210 3438 domi
1238 3390 1273 3438 se
1303 3389 1382 3438 con·

246 3488 377 3577 tinans,
399 3512 461 3582 per
480 3489 606 3559 urbem
625 3487 677 3559 ire
704 3510 822 3559 ausus
857 3487 936 3559 Aut
955 3487 1063 3559 etiam
1084 3488 1199 3559 acrius
1212 3488 1251 3561 in
1270 3490 1382 3562 Vene·
1435 3551 1439 3559 ,

247 3616 313 3700 tos,
330 3618 419 3682 teste
436 3609 605 3684 Porclzolr'
619 3608 794 3701 Chronico,
817 3617 858 3682 ut
877 3610 939 3704 qui
954 3633 1025 3682 suae
1046 3634 1160 3684 causae
1180 3611 1380 3685 desertores

247 3733 410 3824 fuissent,
429 3757 450 3805 a
470 3733 677 3806 Justiniano
697 3732 873 3804 saevitum.

296 3857 373 3929 Hoc
399 3857 551 3952 denique
576 3850 640 3945 iis,
661 3856 723 3950 qui
741 3855 927 3928 Prasinam
946 3862 1010 3926 aut
1034 3857 1206 3929 Venetam
1226 3867 1377 3952 partem,

245 3979 331 4052 huic
345 3988 407 4052 aut
418 3979 474 4052 illi
486 3980 590 4073 regiae
603 3978 737 4067 domui,
764 3975 1031 4072 perseveranter
1046 4002 1086 4051 ac
1111 3977 1262 4052 fideliter
1276 3979 1380 4053 devo-

245 4109 301 4174 tas
320 4102 429 4175 fnisse
448 4101 654 4196 opinantur,
679 4123 807 4196 parum
821 4099 987 4194 liquebit.
1014 4098 1182 4174 Omnium
1196 4102 1235 4174 in
1259 4103 1379 4199 Hypa-

246 4225 336 4297 tium
344 4225 621 4320 Pompeiumque
639 4220 858 4295 devotissimi
872 4222 1016 4295 Prasini
1036 4224 1154 4298 fuere:
1170 4226 1250 4321 quis
1268 4226 1381 4299 nescit

280 4444 316 4512 (l)
329 4443 403 4501 Adeo
421 4451 454 4501 ut
474 4465 485 4494 c
511 4443 608 4502 nullus
622 4462 657 4502 ex
672 4445 789 4503 Venetis
802 4455 853 4503 aut
868 4445 992 4504 Prasinis
1006 4446 1085 4518 civis,
1103 4447 1152 4520 qui
1169 4453 1236 4505 lunc
1252 4447 1281 4506 in
1297 4449 1377 4506 Circo

246 4534 385 4601 repertus,
401 4529 554 4587 incolumis
567 4531 699 4588 evaserit.
716 4553 729 4582 o
745 4530 947 4604 Theophanes.
