3630 5660
707 503 822 569 cneus
847 517 898 567 111.
1318 495 1364 590 47

236 643 336 718 mina
356 642 478 714 dabat.
495 640 532 715 si
550 639 778 713 iustinianus
797 639 952 711 invisam
970 638 1162 711 factionem
1180 640 1369 714 debilitare

226 765 495 855 destinaverat,
520 764 745 859 adoptatum
771 771 865 835 certe
884 762 1021 834 exitum
1046 770 1257 856 perventum
1277 769 1366 834 erat.

288 888 356 963 Sed
375 888 455 985 quis
474 887 638 984 princeps
664 888 874 960 securiorem
894 910 929 958 se
948 885 1116 957 arbitrari
1146 885 1316 980 potuerit,
1339 884 1369 958 si

239 1036 359 1086 omnes
387 1012 495 1085 Urbis
521 1019 557 1084 et
588 1011 735 1106 lmperii
769 1010 995 1081 turbulentos
1029 1016 1136 1104 atque
1173 1007 1301 1080 otiosos
1333 1015 1369 1080 et

240 1137 428 1208 sceleratos
447 1134 485 1206 in
506 1132 697 1227 cujuslibet
712 1133 838 1204 coloris
865 1131 1090 1204 sodalitatem
1110 1129 1369 1225 conscripserit,

240 1260 270 1333 si
290 1259 472 1331 seditiosos
491 1257 529 1330 in
550 1258 706 1353 legiones
726 1256 898 1352 quasdam
928 1255 1176 1350 aggregaverit
1206 1263 1243 1326 et
1259 1255 1376 1349 plebe·

241 1383 358 1456 culam
379 1382 548 1454 adversus
576 1380 803 1474 semetipsum
828 1387 863 1451 et
892 1378 987 1450 cives
1012 1377 1298 1450 centuriaverit?
1316 1378 1375 1449 An

241 1529 260 1577 e
283 1503 517 1577 seditionibus
536 1503 762 1597 caedibusque
781 1509 817 1573 et
844 1501 937 1572 bello
961 1500 1061 1572 civili
1085 1500 1245 1596 Principi
1277 1525 1375 1573 secu-

239 1627 398 1718 ritatem,
415 1627 507 1730 Urbi
526 1650 661 1721 pacem,
685 1623 837 1720 Imperio
860 1623 1014 1719 quietem
1037 1647 1162 1719 parere
1187 1623 1376 1718 quisquam

241 1773 402 1845 unquam
417 1748 560 1842 potuit?

291 1872 441 1945 Credam
460 1871 579 1967 potius
598 1869 846 1942 Justinianum
863 1869 902 1939 in
931 1869 1173 1964 Hippodromo
1194 1869 1286 1941 nihil
1307 1869 1376 1940 nisi

242 1995 526 2091 Hippodromum
546 1993 701 2065 vidisse:
723 2000 765 2064 ut
783 1991 963 2081 Vitellius,
986 2000 1027 2063 ut
1049 1993 1155 2083 Nero,
1186 2001 1229 2065 ut
1257 2016 1377 2066 omnes

242 2117 315 2190 fere
335 2116 411 2210 ejus
432 2126 681 2208 antecessores
703 2124 746 2188 ut
764 2115 891 2188 obvius
907 2116 1057 2211 quisque
1085 2116 1181 2188 inter
1207 2116 1377 2211 patricios

245 2249 308 2313 aut
326 2243 481 2336 plebeios
499 2239 853 2335 ConstantinopoliS,
872 2239 975 2334 genio
996 2263 1070 2328 suo,
1094 2240 1294 2334 Byzantino
1316 2262 1374 2333 ge-

245 2363 319 2453 nio,
342 2363 506 2434 indulsit.
529 2362 831 2456 intemperantius
847 2361 968 2433 forsan
989 2385 1096 2456 quam
1117 2358 1374 2450 antecessores3

138 2541 141 2553 .
246 2493 309 2557 aut
336 2484 550 2557 imitabilior
575 2486 740 2580 populna,
763 2485 955 2557 validiores
975 2484 1173 2558 factiones:
1203 2487 1299 2557 unde
1319 2510 1380 2557 ve-

242 2608 479 2680 hementiores
498 2608 675 2703 procellae.
702 2609 891 2681 Anastasio
923 2617 1107 2705 regnante,
1129 2634 1203 2682 una
1227 2610 1284 2682 die
1309 2608 1382 2682 tria

243 2731 430 2803 hominum
444 2731 573 2821 millia,
592 2730 707 2804 altera
722 2732 841 2804 decem
855 2732 971 2803 millia
986 2733 1099 2804 occisa
1117 2756 1125 2804 :
1148 2733 1235 2827 quid
1250 2734 1380 2805 mirum

246 2854 288 2943 si,
309 2853 515 2926 Justiniano
541 2855 768 2950 imperatore,
792 2855 950 2949 quinque
976 2863 1012 2927 et
1037 2856 1188 2950 triginta
1209 2864 1272 2927 aut
1291 2881 1380 2952 qua-

247 2975 415 3071 draginta
440 2977 479 3047 in
498 3001 573 3047 una
593 2977 766 3048 seditione
783 2976 967 3048 hominum
986 2978 1101 3050 millia
1120 2979 1381 3050 occubuerint?

293 3101 364 3173 ΠΙ.
386 3101 587 3172 -Forsan
621 3108 657 3172 et
688 3101 871 3173 Theodora
896 3102 1075 3196 praecipua
1106 3102 1144 3172 in
1175 3101 1381 3195 hujusmodi

243 3211 531 3314 intemperantiae
542 3221 675 3292 crimen
687 3221 807 3292 vocari
822 3221 938 3294 debet.
956 3222 1086 3294 Mulier
1103 3222 1198 3293 enim
1209 3222 1274 3293 illa
1286 3222 1381 3293 inter

244 3344 417 3416 circensia
436 3350 472 3414 et
491 3342 688 3414 theatralia
707 3350 807 3434 nata,
826 3343 865 3415 in
889 3344 1004 3416 medio
1024 3345 1174 3416 istarum
1193 3344 1236 3416 de
1255 3344 1383 3444 colori7

244 3469 312 3539 bus
341 3467 602 3540 dissensionum
628 3465 791 3568 educata,
821 3467 981 3540 Prasinis
1010 3468 1129 3558 etiam,
1153 3467 1183 3540 si
1213 3468 1382 3563 Procopio

247 3591 416 3682 creditur,
439 3616 460 3662 a
477 3590 659 3686 prioribus
680 3590 783 3662 annis
801 3590 961 3682 inimica,
982 3591 1044 3662 irae
1062 3591 1248 3686 favorique
1267 3591 1382 3662 liben-
1405 3617 1409 3626 ·

245 3713 318 3786 tius
355 3739 464 3811 quam
491 3713 644 3807 justitiae
664 3721 728 3786 aut
755 3715 875 3810 legum
887 3701 1137 3806 'venerationi
1170 3722 1212 3788 ut
1237 3713 1379 3806 mulier,

244 3815 412 3912 indulsit.

293 3961 526 4034 Justinianus
547 3966 679 4049 autem,
691 3982 896 4054 quanquam
909 3961 1028 4053 legum
1044 3985 1064 4032 a
1078 3984 1114 4032 se
1130 3959 1287 4032 latarum
1305 3985 1381 4034 ma·

245 4084 299 4180 gis
317 4108 465 4173 memor,
484 4082 524 4154 in
544 4082 758 4177 quibusdam
777 4090 897 4154 tamen
917 4083 1090 4175 connivit,
1113 4083 1275 4179 quaedam
1292 4084 1384 4157 invi·

245 4213 318 4296 tus,
350 4205 513 4278 mulieris
545 4203 812 4300 perseverantia
837 4205 966 4296 victus,
995 4205 1177 4298 toleravit,
1217 4208 1379 4304 quaedam

247 4325 443 4420 ignoravit.

296 4450 378 4526 Non
400 4459 509 4550 negat
528 4450 719 4547 Procopius
734 4450 995 4545 lastinianum,
1017 4451 1159 4528 Callisti
1182 4453 1222 4528 in
1242 4479 1381 4530 crucem
