3630 5660
445 477 487 548 16
724 501 770 550 nn
798 499 1027 553 cincunsrnus
1053 501 1299 554 memoremus.

440 623 670 720 philosophus
695 625 979 720 Asclepiodorus,
1008 636 1183 723 regnante
1207 626 1413 717 Anastasio,
1440 626 1479 697 in
1507 632 1576 696 sta-

440 752 505 818 tua
539 746 706 840 quadam,
728 770 808 843 quae
831 756 991 821 mentum
1010 748 1177 820 manibus
1203 747 1388 838 fulciebat,
1411 748 1571 840 legerat:

442 891 526 940 nam
539 868 777 963 interroganti
790 869 998 965 imperatori
1009 872 1230 966 respondisse
1244 871 1395 943 dicitur:
1417 870 1576 942 «Melius

441 999 495 1065 est
524 991 649 1063 futura
676 990 744 1063 tibi
777 1015 849 1064 non
876 993 1011 1083 dicem,
1042 995 1184 1067 melius
1201 994 1291 1066 mihi
1310 993 1435 1067 fuisset
1454 994 1483 1066 si
1503 993 1577 1064 haec

442 1139 513 1188 non
532 1114 694 1209 legissem
715 1113 782 1211 (1)
808 1142 825 1184 r
847 1116 1037 1212 AEgyptius
1056 1117 1130 1212 ipse
1157 1116 1333 1190 obeliscus
1351 1116 1484 1213 ignotis
1499 1117 1578 1189 cha-

444 1237 641 1311 racteribus
674 1237 765 1309 mira
793 1239 1003 1333 portendere
1032 1240 1256 1312 credebatur.
1290 1241 1370 1336 Ipse
1403 1241 1578 1313 Plataeeus

442 1360 573 1456 triceps
601 1360 708 1432 draco
738 1383 826 1454 opus
858 1361 1036 1455 magicum
1069 1385 1142 1434 esse
1176 1338 1399 1435 credebatur.
1432 1363 1579 1435 Frustra

443 1509 517 1558 sese
548 1509 632 1579 erga
660 1507 779 1556 omnes
811 1485 1010 1558 humanum
1036 1485 1231 1558 exhibebat
1252 1485 1376 1583 Pythii
1408 1484 1579 1581 serpentis

444 1631 551 1703 nepos
560 1606 644 1697 ille3
662 1608 814 1698 frustra,
831 1607 1015 1679 immemor
1034 1608 1182 1680 heroum
1203 1631 1244 1680 ac
1262 1608 1420 1698 deorum,
1437 1609 1580 1703 quibus-

442 1755 527 1803 cum
553 1737 782 1803 oonversatus
811 1739 900 1821 erat,
923 1731 1108 1803 immemor
1134 1731 1223 1803 belli
1245 1755 1285 1802 ac
1311 1730 1482 1821 victoriae,
1511 1737 1581 1803 tro-

444 1877 670 1949 paeorumque
689 1854 925 1945 Persicorum,
950 1854 1151 1950 Byzantino
1168 1854 1299 1949 populo
1319 1854 1358 1926 in
1382 1853 1481 1925 sestis
1506 1853 1580 1926 die-

444 1976 511 2048 bus
536 2001 666 2072 aquam
699 1986 735 2049 et
766 1979 824 2050 lac
857 1986 964 2074 atque
993 1979 1119 2051 vinum
1151 1978 1287 2072 triplici
1306 2003 1365 2051 ore
1398 1969 1580 2049 ministra-

444 2099 509 2170 bat
543 2098 619 2196 (2):
651 2098 875 2171 daemoniacae
900 2107 1021 2172 tamen
1045 2100 1193 2172 virtutis
1216 2124 1287 2172 non
1314 2122 1438 2195 expers
1462 2099 1581 2171 crede·

446 2222 565 2294 batur.
588 2221 708 2312 Hunc,
730 2229 906 2316 regnante
933 2223 1141 2318 Theophilo,
1167 2220 1379 2294 Patriarcha
1410 2222 1581 2310 Joannes,

445 2343 484 2416 in
516 2344 664 2416 occultis
695 2344 853 2416 scientiis
887 2345 1039 2416 nimium
1071 2352 1245 2434 versatus,
1278 2345 1493 2439 cupiensque
1512 2351 1584 2415 tres

447 2464 542 2537 viros
565 2464 772 2560 imperatori
795 2467 971 2562 praecipue
1000 2467 1162 2540 inimicos
1184 2467 1341 2561 perdere,
1364 2474 1459 2538 tetra
1483 2474 1584 2538 nocte

446 2588 730 2683 intempestaque
748 2589 849 2679 hora,
867 2598 902 2661 et
916 2590 1052 2685 magico
1070 2598 1258 2684 apparatu,
1275 2589 1454 2683 dispositis
1469 2563 1584 2660 tribus

447 2708 651 2783 hominibus
669 2711 731 2806 qui
750 2711 823 2783 tria
842 2712 1008 2784 draconis
1039 2713 1178 2807 capita,
1202 2711 1303 2806 signo
1328 2711 1433 2801 dato,
1457 2711 1583 2782 malleo

448 2834 608 2926 ferirent,
641 2833 779 2906 duobus
805 2834 984 2929 capitibus
1008 2834 1126 2930 ipsum
1153 2833 1346 2907 mulctavit
1371 2833 1437 2931 (3).
1467 2835 1584 2906 Potes·

449 2957 536 3046 rius,
554 2980 618 3029 nec
641 2981 661 3028 a
679 2957 797 3029 minus
817 2958 1082 3053 superstitiosis,
1098 2958 1254 3054 reposita
1275 2957 1407 3052 capita.
1426 2957 1584 3029 Tandem

451 3082 686 3157 Othmanicus
705 3082 1033 3178 quidanpnnoeps
1054 3082 1121 3180 (4),
1143 3083 1318 3155 loannem
1337 3078 1584 3153 Patriarcham

444 3206 626 3295 imitatus,
656 3205 695 3277 in
721 3206 889 3278 miserum
928 3206 1091 3278 Plataeeae
1129 3228 1258 3301 pugnae
1289 3213 1415 3278 testem
1453 3199 1581 3289 saeviit,

487 3503 524 3573 (l)
541 3503 630 3578 ἀγαθὸν
643 3505 678 3578 μὴ
691 3504 782 3578 φράσαι
795 3506 828 3561 τά
843 3525 904 3561 ποτε
919 3504 1040 3581 μέλλοντα
1053 3507 1161 3582 γίνεσθαι
1174 3507 1189 3568 τ’,
1204 3507 1235 3570 ὡς
1255 3505 1306 3583 ἐμοὶ
1329 3503 1378 3580 ἄρα
1400 3501 1482 3582 κέρδος
1502 3498 1531 3566 ἦν
1552 3506 1582 3560 τὸ

449 3598 484 3672 μή
497 3597 731 3674 ἀναγνῶσαιζῦοά.
748 3606 783 3650 n0
796 3593 839 3651 65.
860 3593 942 3650 -De
963 3593 1037 3649 lama
1057 3593 1173 3666 Tyanaei
1192 3591 1330 3666 Apollonii
1344 3589 1420 3661 opud
1441 3591 1544 3648 Arabes
1559 3598 1588 3648 et

452 3680 487 3738 de
514 3683 687 3755 portentosis
712 3678 802 3752 signis
820 3677 855 3733 ab
876 3675 938 3748 ipso
959 3675 1054 3732 llomae
1077 3675 1233 3739 fabricatis,
1257 3675 1378 3730 Journal
1400 3676 1494 3740 crint,
1518 3672 1586 3756 mai,

448 3766 514 3840 juin
527 3767 604 3836 leot,
619 3784 647 3839 p.
664 3765 726 3831 485.
742 3795 771 3805 -
787 3762 935 3832 Chassang
951 3779 957 3816 ε
974 3761 1136 3830 Apollonius
1151 3761 1183 3814 de
1201 3760 1301 3828 Tyana.

489 3852 526 3921 (ἲ)
542 3854 611 3910 Jean
627 3851 731 3908 Garlier
752 3848 786 3905 de
805 3848 906 3916 pinon,
929 3845 978 3920 qui
1002 3845 1173 3920 Byzantium
1194 3842 1294 3898 invisit
1314 3856 1392 3898 anno
1416 3837 1494 3909 1579,
1511 3835 1587 3908 apud

453 3938 624 4011 llourquelot
634 3938 748 3994 citatur.
764 3965 795 3976 -
807 3932 884 3989 ldem
899 3929 1100 3988 Bondelmonti
1118 3937 1249 3986 testatur.
1535 3947 1538 3952 ·

487 4021 522 4089 (3)
539 4020 669 4091 Theoph.
686 4018 799 4075 Gontin.
814 4016 844 4071 in
858 4013 1026 4087 Theophilo,
1039 4030 1065 4069 c.
1083 4015 1108 4085 7,
1126 4029 1154 4084 p.
1169 4013 1210 4067 ¹5.

491 4105 526 4174 (l)
540 4102 726 4169 Mabometll,
740 4101 762 4156 si
772 4099 965 4162 Hammerc,t.
975 4097 996 4162 1,
1014 4097 1074 4165 134,
1092 4095 1298 4152 crederetur.-
1309 4086 1526 4161 Bourquelot,p.
1541 4082 1585 4147 27,

454 4189 628 4246 contrarium
641 4187 819 4242 demonstrat
833 4202 839 4238 :
857 4183 1034 4240 Solimnnum
1047 4182 1069 4237 ll
1082 4189 1132 4236 ant
1143 4179 1310 4236 llouradum
1323 4176 1357 4231 lV
1373 4173 1461 4228 luisse
1474 4169 1588 4226 arbitru-

456 4283 512 4330 tnr.
529 4303 561 4314 —
576 4270 754 4338 Tournelort‚
774 4277 793 4324 t.
813 4268 844 4336 ll,
867 4284 894 4339 p.
910 4266 937 4323 9.
956 4297 985 4306 -
1001 4265 1091 4321 Unius
1106 4266 1207 4320 borum
1224 4264 1349 4334 capitum
1366 4275 1431 4329 pars
1447 4255 1586 4327 superior,

454 4358 579 4429 antiqnae
591 4355 703 4412 Graeciae
719 4351 847 4408 mirabile
857 4368 940 4422 opus,
957 4351 986 4406 in
1002 4352 1111 4406 Sancto)
1123 4339 1587 4414 lrenaeMusaoConstantincpolis

455 4441 538 4497 bodie
562 4447 734 4494 asservatur.
757 4436 852 4492 Albcrt
872 4435 1005 4500 Dumont‚
1031 4437 1065 4490 Le
1089 4437 1176 4490 Museo
1197 4433 1424 4489 Scinio-Irenae
1450 4428 1587 4483 Conslan-

456 4522 573 4593 tInople,
589 4519 660 4576 dans
676 4519 703 4574 ln
719 4522 807 4574 Reouc
823 4520 1046 4587 orcbeclopique.
