3630 5660
453 477 501 563 46
743 490 793 549 nn·
815 500 1044 552 crecnnsmos
1070 498 1314 552 rlcnonmus

454 631 535 718 pote
572 621 792 695 Nobilissrinz‘
820 624 996 719 dignitate
1037 633 1196 715 ornatuS,
1232 622 1459 697 Justinianus
1492 629 1582 722 erat,

454 771 564 841 quum
584 747 670 818 adeo
691 747 819 818 acriter
837 749 875 819 in
889 750 1151 820 tumultuantes
1163 749 1316 820 Venetos
1336 745 1499 817 saevitum
1516 746 1526 841 (
1556 745 1583 841 ).

507 871 696 944 Cdronz‘con
717 871 862 944 Poscale
889 881 925 943 et
950 873 985 944 J.
1012 873 1166 944 Malalas
1190 871 1350 942 fatentur
1384 869 1585 942 amiciorem

454 994 598 1089 quidem
614 994 863 1066 Justinianum'
879 995 1025 1067 Venetis
1044 995 1152 1065 fuisse
1171 993 1221 1089 (2)
1238 1016 1245 1064 :
1272 1019 1289 1062 v<
1302 993 1369 1064 Per
1384 991 1512 1064 Sacros
1528 990 1581 1087 (3)

455 1124 590 1208 autem,
614 1141 704 1212 quas
732 1117 882 1211 singulis
908 1116 945 1186 in
965 1116 1115 1187 urbibus
1145 1115 1422 1209 promulgandas
1454 1113 1584 1202 emisit,

345 1236 348 1243 ’
454 1241 590 1312 cavisse
609 1241 665 1311 uti
684 1241 787 1313 caedis
806 1239 864 1310 vel
885 1239 1098 1310 seditionum
1128 1246 1300 1329 auctores,
1336 1263 1356 1309 α
1386 1237 1590 1334 qaz'brrocun-

454 1385 519 1457 que
529 1361 689 1457 portibus
701 1360 884 1452 sterterent,
906 1383 1028 1455 poenas
1047 1359 1176 1430 darent
1197 1357 1267 1456 (4).
1294 1385 1311 1427 ))

502 1484 718 1556 Auctoribus
736 1485 848 1578 igitur
866 1508 938 1556 non
956 1484 1063 1578 plane
1082 1484 1372 1578 congruentibus,
1389 1483 1588 1556 cavendum

455 1614 567 1679 estne
586 1606 741 1700 Evagrio
763 1614 826 1676 aut
844 1607 1014 1701 Procopio
1033 1613 1165 1677 temere
1184 1606 1345 1678 fidamus.

504 1731 555 1801 ΙΙ.
577 1774 626 1782 -
646 1730 683 1803 Si
702 1737 909 1824 reputamus
940 1730 1129 1801 Prasinam
1161 1729 1363 1819 factionem,
1395 1731 1590 1802 multorum

456 1831 711 1945 imperatorum
731 1850 853 1922 favore
876 1859 1029 1939 auctam,
1051 1851 1090 1920 in
1110 1849 1259 1942 majores
1290 1875 1371 1945 opes
1400 1851 1589 1945 majorem-

454 1998 523 2071 que
534 1996 721 2046 numerum
730 1997 838 2068 quam
849 1975 1024 2046 Venetam
1034 1973 1241 2063 excrevisse,
1253 1975 1354 2045 nobis
1364 1975 1494 2070 fingere
1509 1977 1591 2048 lice-

456 2097 511 2168 bit
537 2096 798 2185 Justinianum,
821 2120 988 2188 magnam
1011 2096 1224 2188 sapientiam
1249 2097 1419 2168 simulata
1446 2099 1590 2169 insania

457 2219 706 2309 occultantem,
725 2217 895 2289 validiori
905 2216 1063 2311 partium
1081 2215 1218 2310 aliquid
1234 2216 1402 2312 derogare
1420 2221 1587 2311 voluisse,

458 2343 782 2436 infirmioribusque
796 2341 941 2412 Venetis
960 2339 1149 2434 praesidum
1168 2341 1408 2434 iniquitatem,
1427 2341 1591 2435 judicum

460 2465 705 2554 venalitatem,
730 2463 1060 2535 administrantium
1086 2471 1311 2557 potestatem,
1334 2465 1372 2535 in
1392 2466 1592 2537 subsidium

460 2588 607 2660 misisse.
629 2589 703 2660 Nec
732 2587 825 2658 sexti
839 2587 970 2671 ¹saeculi
989 2586 1238 2679 imperatorem
1261 2587 1335 2657 haec
1364 2588 1591 2661 consiliorum

330 2792 351 2806 ,y
458 2712 552 2782 ratio
568 2711 787 2782 dedecuisset
805 2735 812 2781 :
828 2718 871 2780 ut
885 2710 1165 2780 inbarbarorum
1185 2710 1279 2781 inter
1298 2735 1333 2781 se
1352 2712 1592 2804 pugnantium

460 2834 627 2924 dissidiis,
648 2833 702 2904 ita
720 2834 759 2904 in
779 2834 976 2904 factionum
995 2832 1229 2922 conflictibus
1257 2833 1397 2927 imperii
1428 2841 1490 2904 aut
1522 2835 1589 2907 im·

459 2957 634 3052 peratoris
654 2957 881 3028 securitatem
899 2979 1066 3050 quaerere,
1090 2979 1171 3026 vere
1191 2956 1432 3050 Byzantinum
1451 2965 1541 3028 erat.
1620 2968 1623 2972 ’

509 3081 675 3152 Testatur
695 3079 885 3174 Procopius
905 3079 1062 3149 Prasinae
1079 3077 1245 3148 factionis
1265 3087 1464 3167 sectatores,
1480 3079 1594 3152 tantis

460 3203 692 3276 incommodis
713 3225 753 3272 ac
772 3201 922 3271 miseriis
952 3207 1153 3288 commotoS,
1189 3202 1363 3293 gregatim
1396 3200 1442 3271 ad
1472 3202 1595 3273 adver.

462 3350 537 3398 sam
556 3333 694 3419 partem
714 3323 892 3411 defecisse,
905 3330 977 3392 ¹ant
998 3323 1042 3393 ad
1061 3330 1226 3394 externos
1241 3324 1454 3418 confugisse.
1470 3325 1595 3398 Omnis

461 3448 535 3521 fere
553 3448 694 3517 urbana
709 3443 882 3537 juventus
901 3445 1045 3526 Venetae
1068 3444 1252 3518 sodalitati
1284 3471 1346 3518 seu
1377 3456 1503 3547 ἑταιρείᾳ
1535 3472 1596 3520 no·

471 3756 472 3764 ¹
497 3691 533 3757 (l)
547 3687 735 3755 Marcellinus,
751 3703 778 3743 a.
793 3685 855 3742 423.
877 3717 907 3726 -
926 3684 989 3741 Mal.
1004 3704 1033 3759 p.
1047 3686 1110 3742 416.
1127 3719 1157 3727 -
1182 3688 1310 3760 Theoph.
1334 3706 1360 3744 a.
1378 3689 1457 3760 6016,
1479 3708 1506 3764 p.
1529 3685 1602 3748 263.

463 3803 494 3814 -
510 3773 610 3828 Obron.
626 3773 724 3826 Poscb.
740 3787 766 3825 a.
782 3768 844 3836 527,
857 3785 885 3840 p.
898 3769 960 3824 616.

498 3858 534 3928 (i)
555 3857 620 3914 Mal.
644 3872 671 3927 p.
698 3855 759 3911 4‘25.
776 3887 807 3897 —
841 3858 941 3912 Obron.
955 3859 1036 3912 Poro.
1056 3873 1081 3911 a.
1105 3857 1173 3923 668,
1191 3875 1218 3930 p.
1241 3857 1308 3927 618,
1337 3859 1376 3915 ait
1397 3859 1595 3916 lastinianum

462 3943 550 4016 Syeas
577 3941 696 4008 theatro,
712 3940 811 4006 morie,
822 3940 885 4012 jure
903 3940 1035 4005 civitatis,
1051 3940 1254 4015 Justianopolis
1269 3943 1386 3999 nomine
1408 3941 1536 3999 donasse.
1560 3943 1596 3999 At

462 4028 548 4102 Sycas
560 4024 660 4080 Veneti
670 4025 811 4098 praecipue
822 4025 995 4082 incolebant.
1008 4023 1046 4080 Cf.
1063 4041 1091 4096 p.
1108 4024 1151 4081 30.

497 4119 535 4188 (3)
549 4118 611 4176 θείας
627 4116 730 4190 caepae.

457 4209 459 4212 ’
498 4208 534 4274 (l)
550 4208 652 4264 ebron.
666 4209 745 4261 Parc.
761 4222 788 4277 p.
806 4203 869 4262 616.
886 4237 916 4246 -
930 4204 994 4260 Mal.
1012 4222 1040 4277 p.
1058 4205 1118 4260 lat.
1134 4237 1163 4247 -
1179 4204 1429 4276 therapeutas.
1445 4236 1475 4247 -
1498 4206 1594 4266 Plures

461 4291 628 4365 hujusmodi
649 4293 756 4347 Sacros
772 4290 910 4346 habemus
930 4307 935 4343 :
957 4289 1112 4362 inquibus
1134 4307 1187 4346 noo
1208 4289 1320 4351 Veneti,
1342 4304 1395 4344 nec
1417 4289 1534 4357 Prasini‚
1557 4311 1594 4350 no

462 4377 628 4434 l'octionum
641 4377 756 4450 quidem
769 4392 881 4447 nomen
889 4375 1039 4445 reperitur.
1054 4375 1126 4430 Just.
1141 4373 1274 4444 Novella,
1289 4372 1334 4439 24,
1349 4373 1383 4440 2;
1395 4373 1438 4444 25,
1457 4374 1486 4441 1;
1499 4376 1545 4445 88,
1558 4378 1574 4434 6
1586 4397 1594 4444 ;
1617 4380 1620 4386 '

464 4490 495 4499 -
513 4460 556 4528 85,
572 4476 629 4533 qua
645 4457 755 4516 civibus
769 4457 856 4514 armis
868 4455 1050 4514 interdicitur
1060 4474 1068 4524 ;
1086 4487 1119 4499 -
1135 4456 1179 4544 86.
