3630 5660
429 479 477 560 42
707 497 753 546 na
779 495 1008 548 orncsusmus
1033 495 1277 548 sennonteus,

430 621 574 718 quidem
595 623 638 692 ab
664 620 942 693 Excubitoribus
971 628 1108 716 eaptuS,
1131 621 1357 694 membratim
1377 621 1537 694 concisus
1549 647 1560 712 ;

431 747 584 840 populus
604 752 723 816 autem
744 768 765 815 a
784 744 961 816 militibus
979 745 1018 816 in
1038 746 1223 840 angustias
1243 747 1456 840 compulsus
1480 733 1564 817 con·

432 869 541 941 suetis
574 867 692 957 armis
722 868 886 940 incendio
913 869 1048 941 scilicet
1071 893 1168 959 usne,
1197 894 1261 964 per
1285 877 1401 941 totum
1421 869 1565 941 Circum

432 977 606 1085 usquead
626 990 892 1085 imperatoriam
915 990 1044 1082 sedem,
1068 990 1222 1086 indeque
1246 991 1440 1082 adfurum,
1462 991 1565 1062 flam·

432 1136 528 1184 mam
553 1111 779 1206 propagavit.
811 1111 920 1183 Multi
951 1111 1059 1206 capti,
1088 1113 1194 1185 multi
1217 1113 1400 1209 suppliciis
1428 1113 1563 1204 affecti,

433 1261 498 1310 nec
523 1245 642 1309 tamen
673 1235 772 1330 prius
800 1259 821 1306 a
848 1235 1041 1307 rebellione
1070 1245 1244 1308 cessatum
1277 1261 1397 1332 quam,
1433 1244 1566 1310 remoto

433 1359 608 1455 Eparcho,
641 1358 745 1429 Plato
775 1339 934 1452 quidam,
965 1358 1195 1431 Prasinorum
1223 1368 1434 1455 «patronus
1464 1385 1498 1450 a,
1522 1357 1568 1432 ad

434 1483 648 1578 Eparchiam
665 1488 855 1576 provectus
879 1480 890 1576 (
917 1480 943 1578 ).

482 1606 588 1678 Anno
611 1603 692 1693 501,
711 1591 815 1676 tanta
835 1602 1008 1674 seditione
1029 1601 1295 1697 Hippodrcmus
1322 1603 1454 1676 iterum
1473 1627 1568 1675 com-

435 1736 551 1801 motus
578 1735 632 1817 ut,
655 1727 869 1821 Theophane
898 1733 1053 1814 auctore,
1083 1725 1178 1796 filius
1209 1727 1355 1820 quidam
1386 1726 1570 1798 Anastasii

436 1853 567 1924 nothus
587 1849 753 1946 perierit;
775 1848 951 1942 multique
971 1847 1217 1953 seditiosorum
1238 1852 1281 1921 ab
1302 1849 1393 1921 irato
1411 1851 1570 1946 Impera-

436 1984 512 2047 tore
530 1974 658 2045 ultimo
685 1971 858 2065 supplicio
888 1978 952 2041 aut
976 1971 1084 2041 exilio
1112 1971 1289 2042 mulctati.
1319 1971 1463 2044 Civium
1490 1973 1572 2066 plus

437 2121 545 2194 quam
588 2095 660 2166 tria
697 2095 813 2165 millia
851 2094 959 2183 sarie,
1000 2093 1142 2188 gladiis
1183 2095 1499 2189 cpmpressionibus
1537 2102 1573 2166 et

384 2272 390 2276 -
443 2247 460 2290 c
484 2218 586 2315 aquis
604 2219 783 2312 proscenis
808 2216 860 2314 (2)
892 2243 909 2286 n
941 2217 1071 2288 obiere.
1095 2215 1206 2310 Oujus
1235 2219 1453 2312 gravissimae
1479 2219 1571 2292 sedi-

438 2343 547 2415 tionis
588 2349 747 2413 auctores
780 2341 946 2412 Prasinos
975 2340 1207 2412 Marcellinus
1240 2341 1449 2432 denuntiat,
1487 2365 1574 2437 quos

443 2492 460 2534 c
483 2463 653 2535 cerealem
672 2469 839 2556 partem»
857 2469 980 2533 vocat:
1002 2462 1132 2557 quippe
1146 2463 1209 2557 qui
1231 2464 1419 2536 «caeruleae
1438 2464 1571 2559 parti»

440 2589 585 2659 Venetae
611 2585 758 2673 scilicet,
779 2582 929 2654 insidias
947 2583 987 2654 in
1010 2581 1251 2678 Hippodromo
1271 2585 1467 2657 machinati
1487 2586 1575 2692 sint,

441 2709 573 2804 quique
592 2709 630 2778 in
649 2707 817 2778 fictilibus
837 2707 932 2778 vasis
949 2715 985 2778 et
1003 2710 1067 2779 sub
1088 2712 1271 2803 pomorum
1291 2711 1425 2782 acervis
1439 2711 1576 2805 lapides

443 2855 484 2902 ac
514 2831 653 2926 gladios
683 2830 954 2931 occultaverint,
979 2838 1085 2925 atque
1118 2855 1163 2904 ex
1190 2833 1382 2928 improviso
1413 2834 1576 2906 inimicos

407 3013 411 3018 .
443 2954 644 3038 invaserint
665 2952 731 3049 (3).
916 2961 918 2966 ’

493 3081 539 3152 Et
557 3087 677 3151 tamen
698 3079 728 3151 si
746 3085 889 3174 reputes
908 3079 1150 3174 Byzantinum
1169 3082 1356 3176 populum,
1380 3105 1450 3153 non
1471 3081 1577 3154 semel

445 3211 588 3274 tantum
609 3210 672 3272 aut
690 3202 836 3292 iterum,
858 3201 918 3272 sed
938 3202 1066 3295 septies
1084 3210 1207 3273 contra
1225 3183 1456 3276 Anastasium
1475 3205 1583 3300 impe-

445 3329 601 3397 ratorem
631 3322 874 3412 rebellavisse,
920 3323 1105 3396 miraberis
1138 3324 1232 3419 quod
1263 3325 1302 3396 in
1334 3349 1408 3397 una
1439 3335 1582 3400 tantum

451 3447 551 3545 (491)
574 3447 665 3519 etin
693 3445 807 3517 altera
836 3443 937 3542 (501)
968 3446 1152 3536 seditione,
1180 3448 1224 3520 de
1249 3449 1478 3523 Factionibus
1504 3451 1583 3525 (lir-

451 3569 614 3640 censibus
635 3567 731 3663 apud
751 3574 911 3639 auctores
931 3567 1063 3638 mentio
1083 3568 1233 3640 incidat.

431 3936 432 3940 Ἰ
487 3874 638 3949 (1)πάτρων
651 3876 696 3928 τοῦ
712 3872 835 3948 Πρασίνου
849 3871 947 3948 μέρους.
967 3872 1030 3929 Malu
1050 3889 1079 3945 p.
1104 3871 1166 3930 394.
1193 3903 1224 3914 -·
1251 3874 1352 3931 Obrott.
1368 3877 1449 3931 Post.
1473 3892 1500 3948 p.
1521 3875 1583 3933 608.

454 3960 698 4029 -Marcellinus,
725 3979 751 4032 p.
775 3960 847 4016 370:
870 3959 946 4016 idem
972 3958 1007 4014 de
1031 3957 1173 4014 Anastasii
1196 3958 1387 4033 Ariadnaeque
1415 3961 1528 4029 statuis,
1553 3967 1587 4016 ut

452 4045 607 4186 anigpffl'
624 4045 834 4117 eversis'atque
850 4044 880 4099 in
899 4044 962 4102 luto
983 4043 1089 4100 volutis
1101 4050 1207 4099 narrat.
1232 4075 1262 4084 -
1287 4043 1454 4101 Theodorus
1476 4043 1585 4114 Lector,

453 4145 572 4353 p.(p)hm
585 4220 629 4267 est
639 4213 721 4285 aquis
732 4229 806 4286 quae,
820 4211 851 4268 in
865 4213 972 4282 Euripo
985 4211 1118 4277 fluentes,
1134 4217 1297 4281 spectantes
1316 4210 1351 4268 ab
1369 4211 1431 4284 ipsa
1443 4227 1530 4268 arena
1542 4227 1587 4268 se·

453 4313 520 4368 para
540 4304 599 4354 ant.

490 4384 527 4453 (3)
540 4384 669 4457 Theoph.
688 4401 715 4440 a.
739 4383 819 4454 5997,
831 4400 859 4456 p.
875 4382 937 4440 227.
956 4413 985 4424 -
1007 4379 1197 4448 Marcellinus,
1222 4399 1251 4454 p.
1274 4380 1334 4437 372.
1359 4412 1391 4422 -
1414 4381 1530 4440 Gedren.
1546 4382 1586 4457 ΙΙ,

366 4510 370 4520 ,
455 4466 518 4524 629.
