3630 5658
454 535 499 630 78
737 557 781 606 aa
807 555 1039 610 orncarsraus
1065 555 1309 608 moneamus,
1365 571 1370 594 ι

453 678 546 752 nihil
581 679 650 752 nisi
676 680 834 774 pretiosa
853 681 940 752 vina
966 681 1171 775 potabatur,
1194 680 1287 752 nihil
1319 679 1389 753 uisi
1408 680 1521 775 epulae
1542 683 1585 752 ab

453 809 610 875 extremo
642 803 725 874 orbe
757 802 914 874 advectae
943 803 1214 891 comedebatur3
1248 811 1284 874 et
1312 803 1419 898 quod,
1456 803 1586 875 satiato

451 925 587 1020 Populo
620 925 728 1020 Rege,
755 933 835 1020 post
853 928 1061 1022 portentosa
1077 926 1228 997 humani
1247 926 1385 1020 generis
1404 925 1584 1014 convivia,

450 1048 489 1119 in
522 1048 699 1138 Tiberim,
740 1056 783 1119 ut
822 1047 1064 1143 superfluum,
1099 1047 1356 1143 projiciebatur
1386 1046 1436 1144 (ι)
1447 1103 1458 1137 ,
1500 1047 1589 1119 satis

450 1191 628 1266 superque
660 1170 800 1260 fuisset,
830 1169 926 1242 unde
957 1170 1095 1242 sobrius
1131 1170 1194 1242 ille
1232 1170 1400 1265 Byzantii
1418 1170 1585 1265 populus

446 1291 698 1386 jejunatorum
719 1292 771 1390 (2)
799 1293 993 1366 admirator
1013 1293 1222 1384 etaemuluS,
1240 1301 1434 1388 portatum
1454 1315 1589 1366 annum

452 1417 703 1490 comissaretur
723 1440 764 1489 ac
782 1415 963 1489 deliraret.

500 1662 565 1734 VI.
595 1702 644 1713 —
667 1659 720 1732 Ut
743 1657 942 1754 opulentia,
971 1657 1025 1729 ita
1055 1664 1091 1730 et
1109 1657 1289 1748 libertate,
1321 1657 1448 1731 decimi
1467 1659 1589 1733 saeculi

454 1783 628 1857 factiones
659 1781 751 1854 sexti
784 1780 904 1852 saeculi
935 1779 1151 1852 sectionibus
1182 1781 1335 1874 impares
1371 1787 1487 1856 erant.
1525 1779 1589 1853 Sui

452 1906 545 2001 juris
564 1929 638 1979 esse
657 1903 849 1976 desierant.
878 1901 1045 1973 Mauricii
1072 1902 1297 2006 imperatoris
1322 1911 1440 1993 aetate,
1474 1902 1590 1995 cujus-

458 2053 526 2125 que
544 2029 658 2123 partis
676 2032 806 2124 δημότων
826 2007 1013 2114 numerus,
1037 2024 1075 2096 in
1096 2025 1267 2096 laterculo
1277 2025 1482 2120 inscriptus,
1495 2026 1592 2120 impe

455 2153 567 2226 ratori
605 2176 650 2224 ne
679 2159 783 2223 notus
812 2148 954 2245 quidem
993 2156 1082 2220 erat.
1121 2149 1154 2220 A
1192 2148 1332 2220 nemine
1364 2149 1433 2222 nisi
1469 2174 1491 2221 a
1527 2173 1590 2222 suo
1703 2192 1707 2198 ·

454 2276 644 2349 demarcho
670 2273 876 2369 pendebant
902 2261 1054 2360 dortour,¹
1077 2270 1287 2343 demarchus
1308 2296 1328 2343 a
1347 2273 1501 2363 nemine,
1521 2271 1592 2344 nisi

456 2425 477 2472 a
496 2400 570 2472 suis
588 2398 743 2472 demotis.

503 2523 553 2595 At
572 2520 801 2595 Constantini
818 2521 889 2592 VII
909 2525 1027 2608 aetate·
1048 2542 1166 2591 rerum
1182 2529 1319 2615 quanta
1337 2520 1510 2593 mutatio!

509 2655 541 2718 1⁰
562 2645 664 2732 Quod
684 2645 730 2717 ad
751 2643 979 2738 disciplinam
999 2650 1106 2737 atque
1126 2643 1170 2714 ad
1196 2643 1414 2738 stipendium
1438 2649 1586 2738 spectat,

455 2767 641 2857 factiones
660 2766 735 2838 sive
744 2764 935 2860 Proposito
949 2761 1055 2834 Sacri
1065 2763 1214 2866 Palam,
1230 2766 1304 2839 sive
1318 2766 1515 2864 Lopotbetoe
1528 2745 1604 2843 τοῦῘ

453 2900 556 2968 εἰδικοῦ
575 2892 650 2963 sive
663 2887 862 2986 Lopotlzetoe
875 2899 925 2962 τοῦ
938 2902 1145 2988 στρατιωτικοῦ
1160 2865 1326 2980 subjectae
1344 2888 1584 2984 reperiuntur.

423 3111 429 3116 ι
454 3017 539 3089 Tres
567 3014 625 3088 illi
649 3009 817 3086 officiales
836 3012 879 3084 de
900 3011 1210 3084 administratione
1229 3028 1285 3088 τῶν
1306 3018 1401 3108 δήμων
1416 3011 1512 3084 inter
1531 3029 1585 3102 se‘,

456 3137 645 3228 silentibus
675 3135 762 3230 ipsis
782 3134 900 3224 demas,
930 3135 1204 3207 contendebant.
1233 3134 1463 3207 Factionibus
1487 3159 1590 3207 suum

456 3260 624 3335 aerarium
650 3256 728 3350 jam
753 3280 825 3327 nou
851 3279 936 3345 esse,
966 3257 1132 3350 ipsasque
1158 3257 1336 3351 imperiali
1360 3281 1443 3355 rope
1463 3258 1591 3330 solum-

455 3382 557 3454 modo
573 3381 739 3453 victitare
756 3377 979 3449 crediderim.
996 3378 1072 3449 Imo
1087 3378 1248 3451 defuncti
1263 3377 1434 3474 cujusque
1448 3379 1590 3452 daneta

455 3506 494 3578 in
518 3505 648 3594 locum,
678 3500 881 3596 imperiales
905 3499 1014 3571 iidem
1033 3499 1211 3592 officiales,
1233 3525 1338 3597 quem
1369 3503 1438 3576 sibi
1457 3504 1586 3594 visum,

457 3633 602 3722 accepta
620 3624 785 3721 pecnnia,
809 3623 1034 3696 collocabant
1057 3619 1120 3719 (3).

507 3757 542 3821 2⁰
566 3746 720 3844 Eparchi
746 3770 808 3819 seu
826 3744 991 3827 Praefecti
1010 3743 1163 3835 Urbani,
1195 3744 1335 3840 antiqui
1355 3746 1489 3821 seilicet
1513 3749 1588 3838 fac-

455 3875 595 3972 tionum
613 3871 738 3961 hostis‚
757 3868 906 3965 imperio
920 3868 1093 3941 factiones
1108 3866 1275 3961 subjectae
1285 3868 1409 3961 jacent
1428 3869 1477 3968 (4)
1493 3896 1504 3963 ;
1523 3873 1587 3944 sub
1627 3907 1633 3920 .

493 4105 531 4176 (l)
543 4105 685 4170 blichelet,
700 4107 823 4161 Histoire
836 4105 869 4158 da
882 4106 910 4159 lo
924 4104 1093 4172 Republique
1105 4102 1243 4170 romaica,
1260 4108 1280 4173 t,
1296 4100 1329 4156 ll.

491 4191 527 4260 (t)
538 4190 699 4247 Patriareha
710 4185 1181 4260 lohannesJeJ'unatorcognomina
1196 4186 1330 4243 omnihus
1342 4187 1588 4262 notusdtByzan·

456 4273 535 4330 tinus
549 4273 672 4346 populus
682 4273 805 4346 quodam
816 4287 893 4327 anno
911 4287 997 4343 saper
1017 4267 1267 4342 quadragesimam
1281 4285 1368 4327 unam
1382 4268 1590 4328 hebdomadem

455 4377 486 4419 se
497 4360 641 4436 jejunasse
651 4357 860 4416 animadvertit.
873 4356 952 4413 Cedr.
969 4356 990 4425 l,
1004 4355 1067 4414 657.

495 4445 531 4514 (3)
546 4448 658 4503 dariae.
671 4443 703 4510 ll,
719 4441 763 4512 56,
779 4459 830 4500 seu
842 4458 904 4515 cap.
916 4440 1063 4499 ultimum.

494 4531 530 4599 (l)
542 4531 613 4586 lom.
628 4527 786 4601 Appendix.
