3630 5658
686 495 800 546 carur
826 496 877 546 ur.
1099 475 1101 484 “
1294 475 1341 545 dt

205 623 248 689 ut
276 621 498 714 exspectanti
534 620 665 715 populo
698 621 816 693 visum
847 627 913 710 est,
948 621 1033 692 vino
1062 644 1253 717 ganeaque
1285 623 1343 694 in-

205 741 329 814 dulsit.
365 742 475 816 Fricti
508 742 630 816 ciceris
651 750 688 817 ct
713 744 815 817 nucis
840 749 977 838 emptor
1008 744 1161 838 populus
1194 745 1344 818 celerius

205 888 314 959 quam
352 865 567 968 Imperator¹
593 868 770 939 ooenabat.
811 865 1026 938 Consuetam
1068 866 1182 962 igitur
1223 867 1343 939 excla-

205 987 399 1060 mationem
443 988 588 1061 comiter
626 988 744 1084 prius,
778 995 858 1084 post
894 987 1075 1078 obnixius,
1111 989 1341 1062 exclamare:

205 1098 370 1198 Ᾱνοὶτειλον,
398 1127 488 1188 aava
508 1110 575 1208 (1).
603 1111 705 1185 Nihil
731 1112 902 1184 clamores
927 1111 1070 1183 curavit
1096 1112 1243 1185 bibulus
1275 1113 1337 1185 ille

206 1236 319 1308 miles.
342 1237 442 1310 Tunc
460 1235 547 1307 irati
565 1236 708 1308 Prasiai
726 1258 734 1306 :
761 1235 931 1306 «Iterum
951 1259 969 1307 e
990 1235 1117 1329 poculo
1133 1236 1341 1331 perpotasti,

206 1358 338 1449 Phoca,
361 1358 494 1430 iterum
512 1366 667 1430 mentem
688 1356 838 1428 amisisti
853 1355 920 1453 (2).
943 1383 959 1425 >r
982 1357 1026 1428 In
1047 1359 1202 1430 furorem
1222 1381 1347 1430 versus

205 1481 371 1577 princeps
400 1481 604 1575 Eparchum
631 1478 863 1551 Constantem
895 1477 1014 1550 emisit
1044 1479 1108 1572 qui
1136 1479 1217 1550 aliis
1234 1503 1348 1552 mem-

207 1605 273 1677 bra
298 1602 515 1698 amputavit,
551 1608 808 1696 amputatoque
840 1607 871 1674 a
902 1619 937 1698 τῇ
963 1605 1097 1700 epatica
1133 1602 1345 1696 suspendit3

99 1738 101 1744 '
210 1726 298 1797 alios
326 1724 531 1814 decollavit,
556 1723 644 1795 alios
663 1723 772 1794 saccis
791 1722 948 1794 inclusos
967 1723 1006 1794 in
1026 1747 1124 1795 mare
1149 1725 1348 1819 praecipites

210 1848 344 1921 mersit.
374 1848 424 1920 At
455 1846 626 1918 reluctari
664 1845 825 1934 Prasiai,
866 1846 1073 1941 praetorium
1105 1870 1166 1919 seu
1191 1847 1349 1942 Eparchi

210 1971 370 2043 tribunal
384 1994 465 2042 cum
480 1968 628 2043 secreta
640 1976 676 2040 et
685 1967 832 2041 Scrrbr'r's
843 1968 1045 2058 incendere,
1056 1993 1212 2041 carceres
1225 1970 1351 2042 affran-

210 2117 302 2188 gere,
328 2093 488 2188 captivos
511 2092 685 2164 emittere.
715 2091 931 2186 Indignatus
950 2091 1087 2164 Phocas
1114 2092 1286 2182 Praemia,
1309 2100 1351 2164 ut

209 2214 415 2286 Marcianus
433 2214 626 2309 quondam,
644 2213 808 2284 omnibus
827 2213 981 2308 publicis
1000 2213 1123 2285 officiis
1143 2214 1346 2286 interdixit.

259 2338 391 2410 Eodem
406 2337 479 2409 fere
499 2358 592 2408 anno
615 2334 730 2432 (609),
753 2334 872 2407 furere
888 2335 926 2406 in
944 2336 1140 2431 provinciis
1160 2336 1282 2427 etiam,
1310 2338 1348 2409 in

211 2457 359 2531 Oriente
384 2483 424 2530 ac
449 2482 511 2552 per
544 2458 765 2552 AEgyptum,
788 2457 989 2530 factiones:
1017 2483 1167 2554 quorum
1200 2459 1346 2550 clamor,

212 2582 320 2654 etiam
352 2583 391 2654 iu
424 2581 629 2670 Occidente,
666 2605 687 2652 a
723 2580 831 2652 Marii
867 2581 1036 2654 Avantici
1076 2582 1368 2672 Continuatore,·

214 2704 276 2799 qui
295 2703 456 2777 Heraclii
478 2702 742 2798 quartodecimo
764 2727 857 2775 anno
878 2704 1067 2794 scribebat,
1093 2705 1237 2777 auditus
1254 2705 1321 2802 (3).

260 2828 311 2900 At
329 2828 437 2923 paulo
455 2834 547 2922 post,
570 2833 606 2898 et
622 2826 810 2916 Mauricio,
831 2817 870 2898 et
898 2827 1067 2900 Mauricii
1087 2829 1242 2901 inimicis
1261 2829 1349 2902 Pre-

142 3003 144 3008 -
214 2949 314 3039 sinis,
346 2974 442 3022 nunc
467 2949 593 3021 Phocae
612 2948 883 3038 inimicioribus
905 2972 1000 3022 unus
1032 2950 1195 3045 idemque
1215 2950 1349 3022 vindex

213 3073 364 3156 exstitit.
407 3073 518 3145 Venit
553 3072 668 3168 Libya
701 3069 836 3144 scilicet
872 3071 1072 3162 Heraclius,
1113 3071 1348 3167 membrisque

213 3197 402 3288 mutilatis,
424 3197 561 3270 Phocas
580 3195 686 3269 vivus
711 3194 805 3291 apud
830 3196 962 3269 Bovem
987 3195 1035 3293 (a)
1057 3198 1260 3270 combustus
1280 3202 1344 3269 est.

252 3475 289 3542 (1)
304 3477 375 3533 ibid.
388 3475 410 3542 l,
425 3474 469 3542 69,
487 3490 515 3548 p.
538 3473 599 3532 316.
620 3474 691 3530 Nam
705 3482 738 3532 ct
753 3474 793 3532 sol
807 3474 877 3548 ipse,
893 3490 951 3532 non
966 3473 1109 3548 surgebat,
1125 3477 1174 3534 scd
1188 3479 1348 3549 oriebatur,

215 3567 344 3710 a'ctrrllqJ
354 3569 509 3642 Imperator
522 3569 715 3642 Byzantinns3
732 3577 763 3626 nt
773 3569 933 3627 Ludcvicus
943 3571 1001 3627 XlV
1012 3579 1119 3638 noster,
1140 3573 1190 3629 soli
1205 3590 1236 3630 se
1250 3590 1348 3647 parem

213 3656 326 3712 aestima
347 3665 374 3710 at

250 3750 285 3819 (2)
302 3750 376 3804 πάλιν
390 3750 421 3812 εἰς
437 3750 479 3804 τὸν
494 3753 584 3804 sadaca
595 3744 672 3822 ἔπιες,
687 3747 762 3803 πάλιν
776 3749 820 3805 τὸν
833 3751 888 3804 νοῦν
902 3747 1043 3810 ἀπώλεσας.
1058 3749 1189 3823 Theoplr.

250 3847 287 3917 (3)
303 3847 373 3905 Dom
389 3847 530 3920 bouquet,
546 3855 566 3904 t.
581 3847 604 3903 ll
618 3889 626 3917 ,
642 3863 670 3920 p.
689 3846 731 3904 19.
748 3877 779 3888 -
799 3845 904 3902 Eadem
924 3844 1033 3901 nrcntio
1053 3843 1084 3898 in
1103 3839 1227 3898 banduli
1251 3842 1349 3898 Veneto

214 3933 361 3997 Chronico,
375 3948 401 3988 a.
417 3930 480 3986 609.

248 4017 283 4084 (l)
298 4014 349 4071 Bos
360 4012 477 4087 quidam
489 4030 593 4086 aereus,
609 4013 707 4082 cavus,
722 4012 752 4068 in
767 4012 827 4070 loro
842 4011 971 4085 ejusdem
991 4009 1118 4068 nominis
1132 4009 1234 4067 stabat.
1249 4010 1280 4066 ln
1293 4025 1350 4082 quo

213 4097 326 4155 inerant
346 4096 509 4167 Christiani,
525 4106 557 4154 ut
570 4099 668 4169 inepte
686 4096 839 4154 credebant
858 4095 1018 4169 Byzantini,
1039 4095 1179 4152 aluliano
1193 4095 1347 4152 combusti.

212 4181 271 4238 lloc
284 4188 519 4250 monumentum,
537 4192 638 4239 exusto
650 4181 752 4248 Phoco,
768 4181 872 4238 delevit
882 4180 1038 4236 Heraclius
1051 4179 1134 4236 Hunc
1147 4179 1262 4247 Bovem,
1275 4180 1348 4236 nihil

212 4263 268 4321 nisi
282 4264 439 4321 Phalaridis
449 4272 571 4334 taurum,
581 4265 676 4322 Sicilia
689 4264 859 4339 Byzantium
870 4262 1035 4334 advectum,
1050 4279 1113 4320 esse
1126 4262 1215 4320 credit
1229 4261 1348 4335 Gyllius.

213 4349 305 4422 liujus
326 4350 405 4406 modi
430 4349 570 4423 supplicia
592 4358 692 4407 narrat
711 4368 743 4406 ac
766 4350 870 4407 tabulis
883 4349 1012 4421 depingit
1030 4350 1215 4418 lienotoqa'am
1229 4349 1349 4403 Basilic-

212 4449 291 4490 aam.
307 4434 338 4491 T.
353 4435 374 4500 Ι,
389 4453 418 4509 p.
433 4437 477 4493 55.
492 4467 526 4480 -
538 4439 676 4493 Enarrot.
690 4438 840 4508 Chronica,
856 4436 885 4492 in
898 4433 1048 4505 Bandurio,
1061 4434 1199 4492 mitt.-
1212 4431 1348 4504 Godinns,

213 4531 247 4574 ιιο
263 4519 360 4577 rra-53.
376 4551 406 4562 -
421 4509 541 4593 Gillias,
556 4521 600 4591 IV,
618 4521 660 4590 32,
676 4538 703 4594 p.
721 4521 782 4578 410.
