3630 5660
378 551 381 558 -
412 529 454 574 ιο
688 526 734 575 nu
760 523 988 576 omouumnus
1013 493 1259 578 rucrmumus

411 679 428 740 c
450 649 624 746 Agedum,
651 677 668 720 a
689 650 809 722 aiebat
826 672 920 722 unus
941 650 985 721 ad
1013 650 1185 741 alterum,
1219 677 1236 720 r
1263 675 1301 724 os
1320 629 1444 747 aperi,
1475 675 1539 724 na-

408 774 564 846 viculam
584 773 782 868 ingurgito.
801 813 851 826 -
868 773 949 845 Nou
969 797 1123 868 possum.
1145 815 1195 828 -
1219 773 1343 860 Quid?
1364 774 1539 870 Nicepho-

408 921 469 970 rus
485 895 701 990 Praepositus
713 903 866 986 tantam,
886 896 994 968 etiam
1013 905 1210 987 oneratam,
1233 897 1395 970 mulieris
1414 900 1542 970 navem

409 1020 596 1097 devoravit
618 1044 626 1092 :
648 1028 690 1091 tu
709 1020 903 1093 tantulam·
916 1023 1082 1094 recusas!
1108 1049 1126 1090 n
1154 1009 1240 1094 Haeo
1265 1021 1543 1118 Aristophanica

318 1189 323 1208 r
410 1132 581 1219 comoedia
611 1139 787 1250 tragicum
813 1143 949 1214 exitum
975 1143 1115 1216 habuit.
1150 1146 1236 1218 Item
1260 1145 1355 1217 enim
1379 1143 1544 1240 inquisiit

410 1269 617 1363 imperator,
633 1265 847 1361 certiorque
872 1266 915 1338 de
938 1259 1065 1362 iniqua
1088 1292 1126 1341 re
1152 1268 1282 1358 factus,
1312 1269 1545 1364 Praepositum

383 1376 596 1464 'arcessivit
631 1395 687 1480 et,
724 1412 795 1460 non
831 1397 1074 1484 exspectatum
1107 1390 1301 1485 spectaculi
1332 1392 1543 1482 embolium,

411 1515 578 1586 horrente
596 1510 741 1608 populo,
762 1509 887 1583 vivum
906 1511 1083 1605 extemplo
1098 1510 1137 1582 in
1152 1511 1268 1584 funda
1280 1511 1374 1585 Circi
1388 1513 1547 1586 comburi

331 1645 334 1649 ’
408 1635 551 1732 jussit(
575 1633 603 1731 ).
639 1624 641 1628 ’

462 1771 647 1866 Regnaute
666 1768 787 1841 eodem
806 1766 1014 1863 Theophila,
1034 1768 1142 1841 iidem
1162 1769 1233 1841 viri
1248 1771 1323 1866 qui,
1340 1771 1469 1844 Leonis
1482 1773 1547 1845 Ar-

414 1893 523 1966 menii
561 1892 665 1981 caede,
704 1891 800 1986 patri
832 1889 908 1983 ejus
939 1890 1077 1986 ipsique
1110 1915 1276 1966 coronam
1313 1904 1544 1990 pepererant,

414 2016 599 2114 parricidii
617 2016 655 2086 in
676 2015 872 2110 prinoipem
893 2013 1036 2089 admissi
1059 2017 1102 2087 ab
1122 2014 1198 2111 ipso
1217 2018 1404 2112 parricidae
1421 2019 1549 2092 herede

415 2164 557 2237 poenam
577 2138 692 2242 tulere
716 2137 779 2235 (2).
803 2140 1006 2233 Imperante
1025 2139 1200 2212 Michaele
1220 2142 1290 2230 III,
1314 2141 1388 2235 qui,
1409 2143 1550 2214 conscia

416 2265 598 2338 Theodora
621 2261 859 2356 imperatrice,
884 2262 1053 2333 adversus
1076 2261 1231 2334 Bardam
1252 2263 1425 2336 Caesarem
1449 2288 1549 2337 oons-

416 2387 638 2483 piraverant,
659 2393 687 2459 ἐν
704 2397 738 2482 τ)
755 2389 900 2483 σφενδόνῃ,
921 2383 1037 2479 capite
1055 2385 1221 2457 mulctati
1245 2385 1309 2482 (3)
1609 2367 1613 2374 ’

466 2533 593 2606 Basilii
608 2534 626 2606 Ι
643 2530 874 2627 temporibus,
894 2555 968 2603 mos
987 2539 1065 2603 erat
1089 2531 1212 2626 utqui
1231 2531 1427 2604 exercitum
1453 2531 1551 2604 dese-

418 2663 579 2748 ruerant,
597 2656 636 2729 in
650 2654 892 2750 Hippodromo
908 2654 1117 2727 verberibus
1132 2653 1366 2728 caederentur.
1387 2653 1552 2740 Quadam
1638 2667 1642 2678 “

419 2781 477 2854 die
508 2781 628 2869 etiam,
658 2802 769 2874 quum
797 2778 990 2850 desertores
1019 2778 1098 2872 capi
1126 2777 1317 2872 nequirent
1345 2785 1381 2850 et
1413 2799 1553 2851 necesse

420 2903 602 2976 videretur
616 2908 658 2972 ut
671 2899 903 2986 desertionem
915 2897 1340 2988 meditantibusterribile
1353 2898 1554 2994 exemplum

298 3077 302 3084 ·
421 3032 690 3122 proponeretur,
714 3023 871 3119 Agereni
891 3022 1037 3118 captivi,
1060 3023 1176 3116 capite
1195 3022 1313 3094 velato
1333 3046 1378 3094 ne
1395 3022 1556 3118 dignosci

422 3155 577 3245 possent,
607 3145 806 3218 absentium
833 3146 945 3216 scelus
965 3144 1166 3239 expiavere,
1197 3145 1348 3240 aliisque
1370 3153 1499 3240 parata
1517 3146 1555 3218 in
1622 3189 1626 3195 ·

424 3271 525 3344 Circo
541 3270 717 3365 supplicia
736 3266 875 3340 subiere
897 3264 963 3362 (4).

462 3391 547 3492 Nec
565 3415 604 3489 in
620 3415 722 3486 vivos
740 3419 894 3501 tantum,
920 3411 958 3483 in
988 3410 1159 3482 defuncta
1184 3411 1293 3484 etiam
1323 3436 1469 3507 corpora
1502 3436 1561 3484 sae-

426 3541 555 3614 vitum.
589 3536 740 3612 ,Ioannis
771 3535 866 3608 enim
896 3535 1110 3630 patriarcha
1139 3533 1423 3632 Capronymique
1453 3537 1562 3631 impe-

427 3663 568 3752 ratoria,
591 3660 777 3755 utriusque
795 3658 1012 3754 imaginibus
1035 3657 1075 3729 iu
1104 3657 1182 3728 vita
1214 3680 1279 3728 sua
1311 3658 1462 3748 inimici,
1485 3682 1561 3731 cor-

428 3811 516 3886 pora
535 3811 553 3859 e
570 3784 755 3880 sepulchro
775 3783 904 3855 educta
922 3804 1054 3876 perque
1075 3779 1220 3876 aliquod
1239 3788 1380 3875 tempus
1405 3782 1444 3854 in
1471 3805 1561 3876 prae-

428 3911 533 4000 torio,
566 3916 610 3981 ut
641 3905 899 3994 maleficorum,
947 3903 1106 3992 inclusa,
1141 3902 1180 3973 in
1219 3902 1321 3975 Circo
1352 3901 1562 3977 verberibus

468 4205 505 4274 (1)
521 4204 613 4260 Auen.
629 4203 661 4257 iu
674 4199 827 4268 Bandurio‚
843 4210 878 4254 n⁰
890 4198 935 4255 86.

469 4290 505 4360 (2)
521 4289 617 4359 Georg.
629 4287 694 4342 Mon
721 4285 751 4340 iu
766 4280 936 4354 Theophila,
951 4296 975 4336 c.
994 4280 1022 4345 2,
1038 4297 1067 4352 p.
1079 4279 1141 4336 791.

468 4373 506 4443 (3)
521 4373 601 4444 Sym.
615 4367 697 4440 Mag,
712 4383 736 4423 c.
754 4365 796 4434 13,
808 4382 837 4437 p.
852 4363 914 4420 558⁴
1061 4394 1063 4398 .

471 4456 507 4529 (¹1)
522 4453 618 4510 Gonst.
634 4448 736 4528 Porph.
754 4445 941 4511 virescenti,
958 4460 985 4502 o.
999 4443 1043 4514 62,
1058 4461 1086 4520 p.
1106 4443 1166 4502 303.
