3630 5660
755 565 973 619 annoumuu.
1415 573 1433 644 7

249 735 250 740 =
298 708 392 768 mate
424 694 612 789 populum,
652 689 804 787 hippicaa
841 679 1012 788 cujusque
1050 691 1276 764 solennitatis
1312 691 1432 782 initio,

297 839 400 890 cruce
420 814 610 911 signabat];
635 837 654 888 e
673 811 844 911 gradibus
870 814 943 886 suis
962 816 1116 910 populus
1133 815 1353 910 imperatori,
1376 840 1435 888 eo·

298 941 379 1013 dem
398 938 512 1011 crucis
527 939 646 1033 signo,
674 938 829 1035 gratiam
839 937 1029 1011 referebat.
1044 938 1282 1012 Ecclesiastici
1294 939 1433 1036 hymni,

298 1062 515 1160 psalmorum
549 1068 656 1156 atque
686 1061 855 1134 hosannae
886 1068 1026 1151 cantus,
1058 1069 1233 1156 argenteae
1262 1083 1382 1134 cruces
1400 1067 1437 1134 et

299 1191 502 1258 sanctorum
534 1181 709 1278 relliquiae
744 1206 814 1255 non
843 1183 958 1279 magis
989 1182 1132 1258 Circum
1158 1206 1266 1279 quam
1297 1183 1436 1258 Sanctae

301 1306 438 1402 Sophia
455 1305 629 1399 templum
648 1303 879 1378 dedecebant.
901 1304 1068 1400 Plerique
1086 1304 1211 1402 hymni
1230 1305 1293 1402 qui
1322 1329 1343 1378 a
1366 1305 1437 1378 fac-

299 1429 459 1504 tionibus
492 1429 791 1520 decantabantur,
820 1428 953 1525 quique
987 1429 1032 1504 ad
1066 1453 1149 1520 nos,
1189 1431 1227 1502 in
1269 1429 1435 1506 corano-

299 1553 437 1628 nr'orum
464 1553 556 1625 libro
581 1552 717 1647 scripti,
746 1560 1000 1648 pervenerunt,
1031 1553 1198 1656 Sanctam
1222 1553 1436 1630 Trinitatem

299 1686 336 1752 et
366 1699 491 1772 equae,
527 1675 698 1750 Sanctam
734 1676 928 1772 Deiparam
960 1683 998 1750 et
1033 1699 1181 1768 currus,
1224 1678 1437 1752 Michaelem

269 1798 573 1892 ,Gabrielemque
607 1795 839 1890 archangelos
872 1804 908 1870 et
948 1797 1126 1872 Uranium
1160 1796 1438 1896 Olympiumque

303 1921 447 2015 aurigas
465 1920 565 1992 miris
583 1920 697 1994 modis
724 1919 933 1997 miscebant.
958 1919 1169 1994 Sanctorum
1184 1923 1437 2017 Apostolorum

301 2051 337 2115 et
369 2042 508 2116 Sanctae
550 2041 689 2138 Sophiae
720 2049 883 2116 cantores
918 2041 957 2113 in
991 2041 1116 2115 iisdem
1146 2044 1318 2119 sedilibus
1356 2068 1437 2119 cum

300 2165 498 2238 factionum
531 2164 738 2237 cantoribus
765 2163 948 2237 sedebant.
990 2163 1087 2252 Quin
1118 2164 1193 2269 ipse
1225 2167 1438 2242 Patriarcha

302 2288 490 2361 cumomni
509 2288 601 2360 clero
616 2286 654 2358 in
668 2285 952 2380 Hippodromum
973 2285 1167 2382 aliquando
1186 2287 1435 2380 descendebat,

301 2410 423 2504 ibique
442 2409 723 2503 Imperatoribus
743 2431 908 2482 coronam
927 2409 1161 2523 imponebat(
1191 2409 1217 2507 ).
1470 2389 1474 2393 ’

351 2545 394 2618 In
424 2543 526 2618 Circo
552 2545 596 2617 de
628 2544 786 2617 externis
820 2552 928 2641 atque
959 2544 1142 2619 intestinis
1178 2546 1340 2620 hostibus
1373 2555 1439 2620 aut

301 2669 456 2743 inimicis
474 2669 780 2765 triumphabatur.
803 2670 1032 2743 Justinianus
1056 2670 1093 2743 ΙΙ
1118 2669 1308 2743 leontium
1329 2678 1438 2766 atque

301 2793 531 2888 Apsimarum
564 2792 731 2881 calcavit,
795 2792 1016 2866 uociferante
1061 2793 1192 2889 populo
1226 2817 1234 2866 :
1283 2793 1438 2888 «Super

297 2901 323 2984 a
347 2913 503 3008 aspidem
522 2923 559 2986 et
571 2914 777 2986 basiliscum
789 2916 994 3007 ambulasti,
1016 2924 1052 2990 et
1066 2917 1283 2992 conculcasti
1300 2916 1438 2990 leonem

306 3062 323 3106 a
345 3043 383 3108 et
400 3035 589 3108 draconem
612 3033 662 3131 (2)
681 3060 715 3107 a.

352 3171 395 3242 ln
411 3170 658 3266 Hippodromo·
669 3168 778 3242 etiam
798 3167 1218 3261 Gelimer,Vandalorum
1231 3195 1307 3262 rex,
1326 3194 1436 3268 quum

302 3291 341 3364 in
361 3291 527 3365 belisarii
554 3290 736 3388 triumpho
763 3291 809 3363 ad
840 3291 1105 3387 Imperatorem·
1124 3294 1299 3367 adductus
1317 3301 1434 3368 esset:

306 3442 323 3484 c
341 3416 435 3488 Proh
456 3408 654 3488 vanitatem
674 3416 898 3488 vanitatum!
919 3443 936 3486 a
959 3417 1189 3508 exclamavit,
1206 3439 1439 3513 purpuraque

304 3542 340 3608 et
359 3560 488 3611 corona
507 3536 689 3632 depositis,
711 3536 959 3610 Justinianum
980 3539 1147 3612 adoravit
1170 3539 1234 3637 (3)

353 3673 397 3746 ln
435 3695 529 3745 nono
568 3695 609 3745 ac
644 3671 779 3744 decimo
816 3673 925 3745 etiam
957 3675 1084 3746 seculo
1115 3675 1221 3747 multi
1260 3680 1434 3762 auctores,

304 3794 479 3868 Basilium
508 3794 749 3882 Macedonem,
781 3791 1058 3866 Constantinum
1076 3793 1436 3891 Porphyrogcnitum,

340 4067 379 4141 (l)
392 4065 455 4123 Non
468 4063 545 4138 apud
557 4062 729 4139 Byzantinos
741 4070 866 4138 tantum,
879 4066 929 4124 sed
941 4074 972 4125 et
981 4067 1057 4141 apud
1070 4067 1185 4141 l'nrcos,
1202 4070 1232 4128 in
1246 4067 1437 4145 hippodromo

304 4177 390 4219 sacras
409 4158 562 4234 nanum
583 4160 767 4218 celebrantur
783 4179 790 4217 :
806 4176 944 4233 magnam
958 4161 1037 4218 enim
1052 4165 1221 4238 panegyrim
1240 4161 1435 4222 llusulmano·

305 4263 369 4382 {qum
385 4244 709 4385 Mecqumilpgeoemium
722 4245 753 4300 in
766 4245 937 4304 Atmeldano
951 4246 990 4305 ibi
1005 4249 1162 4322 quotannis
1176 4257 1304 4323 spectare
1311 4249 1386 4307 licat·
1403 4275 1434 4292 -
1557 4323 1564 4332 ι

331 4343 448 4397 emmer,
464 4344 492 4401 p.
565 4367 571 4383 .
1376 4363 1378 4370 ,

295 4481 296 4484 ¹
341 4409 379 4482 (2)
394 4412 523 4484 Theoph.
539 4428 616 4469 anno
632 4412 712 4483 6198,
728 4429 756 4487 p.
773 4413 835 4472 574.

305 4517 316 4567 ξ
343 4494 380 4566 (3)
393 4495 497 4554 Paulus
509 4497 661 4568 Diaconus,
674 4498 694 4555 l.
711 4498 743 4555 ll.
