3630 5660
379 548 404 621 6
657 567 704 619 na
729 565 958 620 amoenamus
984 565 1229 620 rncrroumua

380 694 635 769 Otlimanicum
656 693 822 766 successit
838 671 1172 790 Hippodromusqde
1194 694 1232 766 in
1255 695 1511 768 Atmeidanum

380 824 553 907 mutatus,
582 816 627 888 ab
652 814 856 909 hujusmodi
874 815 1091 920 tumultibus
1115 824 1302 890 cessatum.
1325 817 1395 889 Hic
1419 815 1512 889 Jem‘·

380 938 498 1027 tctrrr',
521 949 715 1028 nortorum,
731 963 749 1006 a
767 944 809 1010 ut
827 937 966 1028 dicunt,
984 936 1065 1010 ollis
1083 939 1228 1030 eversis,
1245 961 1301 1013 res
1315 961 1427 1015 novas
1444 962 1513 1012 me

298 1123 315 1138 ..
379 1063 603 1136 ditabantur.
622 1059 725 1133 Teate
742 1057 987 1132 Theodosiana·
1000 1058 1165 1149 obelisco,
1182 1066 1273 1133 teste
1284 1059 1512 1134 Constantini

379 1182 678 1282 Porphyrogeniti
697 1181 839 1278 lapideo
858 1181 1014 1272 Colosso,
1044 1182 1084 1255 in
1112 1189 1233 1254 vetere
1250 1182 1315 1255 illo
1340 1183 1512 1280 Byzanti·

381 1332 508 1382 norum
527 1304 782 1403 Hippodromo,
804 1303 848 1377 de
864 1312 978 1378 morte
996 1313 1032 1379 et
1054 1304 1133 1378 vita
1155 1304 1383 1380 Turcioorum
1411 1305 1512 1402 prin-

380 1434 500 1530 cipum
532 1430 692 1504 amilite
719 1453 760 1503 ac
784 1429 887 1526 plebe
914 1428 1164 1503 deliberatum.
1191 1431 1316 1525 Neque
1344 1428 1513 1504 Libitinae

380 1556 496 1630 Porta
526 1553 698 1627 infamem
725 1553 860 1626 famam
889 1551 1034 1626 aboleri.
1049 1553 1159 1627 situm
1186 1577 1194 1627 :
1227 1553 1368 1626 easdem
1388 1575 1513 1648 nempe

381 1675 618 1775 Hippodromi
636 1698 745 1749 meas
762 1681 896 1772 portas,
918 1697 1008 1771 quas
1034 1675 1145 1748 ariete
1169 1671 1327 1748 Mundus
1354 1682 1391 1748 et
1415 1675 1512 1748 Beli-

383 1801 498 1875 sarius
517 1804 781 1887 concusserunt,
802 1794 995 1893 ignivomis
1015 1796 1203 1870 tormentis
1224 1797 1515 1870 Hussein-Pocbe

287 1909 289 1914 ¹
381 1923 501 2021 fregit,
528 1922 721 2018 eademque
745 1921 838 2012 loca,
862 1945 942 2019 quae
966 1921 1184 1996 Venetorum
1215 1944 1255 1993 ao
1282 1921 1514 1995 Prasinorum
1592 1982 1602 1990 .

382 2046 570 2142 sanguine,
602 2048 701 2118 sexto
727 2043 868 2134 saeculo,
898 2043 1125 2134 maduerunt,
1146 2043 1433 2116 Jenitcherorum
1454 2045 1513 2115 ad-

382 2194 505 2244 versus
540 2167 777 2242 Mahmudum
812 2167 1079 2258 rebellantium,
1109 2167 1374 2240 undevicesimo
1391 2175 1511 2240 nostro

382 2292 522 2382 seculo,
544 2313 668 2364 cruore
685 2289 991 2365 redundaverunt.

431 2417 513 2490 Non
553 2416 666 2488 solum
706 2415 743 2487 vi
785 2415 909 2510 populi
949 2423 1013 2487 aut
1065 2415 1222 2489 militurn
1259 2414 1437 2511 principes
1475 2415 1513 2486 in

383 2536 624 2635 Hippodromo
644 2535 904 2630 dejiciebantur
915 2560 926 2629 ;
950 2546 988 2611 at
1005 2537 1128 2629 etiam,
1147 2537 1306 2634 legitimo
1326 2538 1512 2626 clerorum,

375 2649 606 2756 magnatum,
629 2659 786 2733 militum
806 2683 847 2732 ac
864 2659 979 2755 plebis
996 2671 1183 2751 consensu,
1205 2660 1437 2756 imperatores
1461 2681 1517 2758 *co

243 2832 244 2838 κ
384 2786 622 2860 ronabantur.

434 2912 479 2984 In
501 2908 758 3003 Hippodromo,
783 2905 854 2978 Leo
874 2903 911 2976 II
940 2926 961 2976 a
985 2904 1104 2978 Leone
1122 2904 1153 2992 1,
1175 2903 1269 2978 Zeno
1297 2927 1318 2976 a
1340 2906 1457 2978 Leone
1483 2905 1517 2981 ll

384 3035 457 3108 filio
486 3055 568 3122 suc,
602 3027 828 3119 Anastasius,
859 3026 904 3098 ab
934 3025 1072 3100 Ariana
1095 3027 1272 3122 Augusta,
1294 3027 1445 3100 Zenonis
1462 3026 1520 3098 de·

331 3195 336 3206 ·
385 3155 502 3254 functi
528 3176 661 3244 uxore,
682 3152 876 3247 imperator
904 3149 976 3222 suit
998 3149 1239 3246 proclamatus
1267 3147 1335 3245 (r).
1364 3147 1515 3236 Ibidem,

385 3280 481 3352 inter
507 3277 683 3350 Joannem
707 3273 895 3345 tribunum
919 3295 961 3344 ac
992 3272 1177 3346 Justinum
1204 3271 1375 3344 Thracem
1400 3267 1519 3340 divisa

387 3401 487 3496 plebs
507 3423 548 3471 ac
566 3396 711 3487 militia,
724 3393 833 3490 jactis
851 3393 1033 3490 lapidibus
1053 3417 1094 3466 ao
1108 3392 1253 3488 jaculis,
1274 3415 1347 3465 rem
1368 3391 1516 3500 agebat3

387 3531 521 3622 postea,
546 3519 674 3594 animis
692 3520 730 3593 in
750 3541 863 3592 unum
882 3518 1074 3610 conversis,
1095 3519 1291 3608 lustinum,
1313 3518 1352 3590 in
1371 3516 1521 3610 militari

388 3655 487 3722 scuto
507 3652 675 3735 erectum,
697 3644 947 3740 imperatorem
966 3665 1086 3716 omnes
1105 3640 1381 3715 declaraverunt
1405 3640 1416 3736 (
1440 3640 1469 3737 ).

438 3882 662 3978 Byzantinus
679 3883 944 3980 Hippodromus
968 3908 1023 3958 rer
1041 3884 1192 3982 profana
1216 3895 1396 3959 uenerat.
1420 3888 1520 3961 Circo
1582 3933 1589 3938 -

389 4007 475 4080 fides
493 4008 692 4082 orthodoxa
711 4032 784 4081 sesa
804 4008 1104 4098 accommodabat,
1121 4006 1213 4080 sicut
1232 4007 1416 4105 Olympico
1436 4007 1521 4080 olim

389 4129 506 4241 stadio
535 4130 687 4226 antiqua
711 4127 913 4204 Graecorum
943 4129 1081 4224 religio.
1110 4128 1309 4223 Imperator
1341 4150 1360 4200 e
1389 4129 1520 4202 cothis-

426 4419 464 4488 (1)
481 4418 593 4478 ceam.
605 4415 627 4485 ι,
645 4389 707 4471 aa

428 4501 464 4571 (⁶2)
480 4501 589 4558 Garios.
607 4499 627 4562 1,
645 4496 689 4554 93.
