3630 5660
716 559 832 612 carus
858 561 910 611 111.
1338 538 1383 612 55

295 689 401 759 Anno
424 686 507 784 559,
531 684 685 781 exempli
704 685 834 780 gratia,
857 685 988 781 populo
1021 685 1192 758 adversus
1210 687 1383 760 Justinia-

223 871 226 884 .
248 835 333 885 num
353 809 497 882 nullum
515 808 650 881 crimen
669 808 765 882 fuit:
787 809 858 881 imo
877 816 914 881 et
930 809 1138 905 imperatori
1151 818 1188 882 et
1213 809 1282 882 sibi
1301 831 1384 882 con-

246 931 615 1028 gratularipotuissct,
624 931 687 1027 qui
697 938 771 1003 tarn
779 931 945 1004 concordi
955 931 1073 1004 animo
1081 931 1293 1004 invadentes
1301 932 1386 1004 Bul·

247 1078 352 1151 garos
370 1053 596 1150 repulissent.
619 1055 761 1149 Itaque,
782 1053 890 1128 Urbis
900 1055 1015 1129 natali
1027 1054 1087 1128 die
1104 1056 1192 1128 actis
1206 1055 1382 1129 Circensi-

247 1179 315 1252 bus
333 1175 684 1272 mctoqueltumultu,
702 1175 794 1248 nihil
806 1175 876 1248 nisi
890 1186 1080 1250 consuetus
1098 1177 1193 1251 inter
1211 1178 1386 1250 factiones
1506 1241 1510 1248 .

249 1300 435 1373 conflictus
467 1299 550 1371 fuit.
587 1299 624 1372 si
655 1299 693 1370 in
713 1299 876 1393 publicas
894 1299 986 1373 aedes
1014 1300 1071 1372 vel
1103 1325 1271 1396 personas
1303 1324 1384 1396 pec-

162 1443 170 1458 '
249 1430 383 1512 catum,
419 1423 637 1495 Venetorum
657 1421 770 1493 scelus
788 1421 872 1512 fuit,
895 1447 983 1518 quos
1000 1424 1212 1519 Imperatori
1235 1423 1386 1497 devotis·
1424 1457 1428 1466 ·

251 1523 356 1619 simos
374 1546 484 1618 fuisse
504 1544 753 1641 aquibusdam
766 1545 935 1619 creditur.
958 1546 1008 1619 Hi
1023 1571 1149 1643 nempe
1166 1547 1387 1620 recedentem

251 1695 273 1742 a
303 1668 405 1742 Oirco
437 1668 625 1741 Prasinam
656 1674 795 1763 partem
829 1669 995 1762 aggressi.
1033 1669 1134 1742 Citra
1164 1678 1271 1764 atque
1288 1669 1387 1741 ultra

252 1794 410 1864 Aureum
418 1790 550 1879 Cornu,
562 1789 601 1860 in
612 1787 926 1861 Constantiniforo
940 1789 1074 1863 scilicet
1085 1797 1192 1885 atque
1208 1790 1252 1862 ad
1264 1790 1383 1886 Sycas,

253 1921 452 2010 pugnaturn
476 1918 541 1984 est.
568 1909 857 1982 Armamentaria
885 1911 1043 2004 publica,
1074 1912 1228 2006 liparchi
1248 1913 1384 2001 domus,

253 2037 412 2108 incensa.
447 2036 514 2108 Per
548 2034 635 2106 duos
660 2035 817 2129 integros
846 2035 922 2108 dies
957 2058 1028 2109 non
1055 2037 1235 2110 deferbuit
1272 2038 1384 2110 furor.

253 2161 446 2253 Postquam
482 2156 716 2230 Excubitores
749 2156 939 2252 caeterique
972 2158 1145 2230 satellites
1179 2158 1388 2230 seditionem

253 2303 347 2376 aegre
366 2286 669 2375 compescuerunt,
692 2301 803 2351 caecus
821 2279 945 2373 populi
955 2277 1068 2371 dolor,
1086 2288 1209 2376 aperta
1224 2281 1384 2370 consilia,

254 2403 478 2477 clandestina
497 2401 673 2474 discordia
691 2424 754 2495 per
781 2388 935 2473 conllata
952 2402 991 2474 in
1006 2402 1165 2482 ‚diversis
1184 2404 1388 2498 regionibus

151 2509 157 2522 ’
252 2526 432 2615 incendia,
454 2524 553 2597 utin
573 2525 737 2596 omnibus
755 2524 967 2620 Byzantinis
986 2525 1136 2615 saeculis,
1168 2526 1253 2598 hinc
1284 2526 1389 2598 illinc

252 2650 383 2746 erupit.
413 2649 462 2722 At
487 2671 549 2744 per
567 2647 770 2742 septaginta
789 2647 864 2720 dies
896 2648 1081 2744 Eparchus
1101 2656 1207 2744 atque
1227 2650 1386 2745 Impera-

256 2782 311 2846 tor
335 2772 559 2867 inquirendis
569 2772 730 2844 sontibus
745 2773 940 2844 incubuere
958 2795 966 2844 :
989 2795 1032 2845 ea
1048 2784 1193 2870 utruque
1221 2772 1388 2847 Frictione

256 2895 498 2989 comprehensi
517 2893 663 2987 plurimi
683 2893 798 2988 capite
818 2893 982 2966 mulctati
1004 2893 1015 2990 l
1045 2895 1071 2990 l.

315 3017 358 3088 In
401 3016 457 3087 his
491 3014 653 3087 omnibus
685 3015 840 3087 motibus
872 3039 942 3086 non
978 3017 1124 3089 Venetae
1162 3015 1276 3110 magis
1312 3017 1386 3087 fac·

255 3139 365 3212 tionis
401 3161 509 3233 quarn
531 3137 682 3232 publicae
700 3137 798 3232 pacis
824 3137 1000 3211 fautorem
1039 3145 1145 3234 atque
1182 3143 1388 3209 assertorem

254 3287 328 3338 sese
342 3261 572 3338 Justinianus
591 3260 769 3333 exhibuit.
790 3261 975 3357 AEquabili
993 3261 1146 3351 ratione,
1169 3261 1270 3333 velut
1289 3258 1388 3332 nullo

254 3387 379 3464 favore
410 3391 597 3479 corruptus
620 3382 754 3477 judex,
786 3383 1023 3478 acujuslibet
1057 3383 1183 3456 coloris
1215 3381 1390 3455 seditiosis

257 3531 396 3585 severas
419 3507 496 3579 sine
521 3503 725 3577 discrimine
755 3529 877 3600 poenas
905 3506 1068 3601 sumpsit.
1096 3505 1206 3600 Cujus
1223 3505 1275 3577 rei
1296 3503 1390 3599 apud

257 3654 377 3702 omnes
405 3630 480 3701 fere
512 3634 673 3700 auctores
704 3627 848 3701 laudem
881 3627 971 3701 tulit
993 3627 1057 3724 (2).
1078 3628 1262 3702 Theodora
1281 3634 1387 3716 certe,

257 3777 336 3850 quac
368 3753 460 3824 forte
478 3751 625 3825 Venetis
644 3749 941 3846 intemperantius
967 3749 1166 3840 studuerat,
1191 3773 1284 3822 anno
1306 3747 1388 3837 548,

256 3883 346 3949 teste
361 3874 587 3970 Theophane,
612 3900 629 3944 c
652 3897 732 3946 cum
747 3873 882 3969 pictate
901 3873 1177 3947 obdormirerat.
1194 3899 1211 3942 n

292 4157 580 4231 (ancipite-lar.
1165 4195 1174 4206 .

293 4244 331 4312 (i)
347 4244 461 4300 latetur
476 4243 563 4308 etiarn
579 4242 724 4315 Euagrius,
739 4241 784 4310 IV,
794 4241 837 4309 32,
850 4258 878 4314 p.
896 4241 956 4298 407.
975 4241 1143 4300 clnlerdum
1159 4251 1263 4310 tamen,
1279 4239 1308 4296 in
1321 4255 1389 4296 con·

258 4327 375 4402 trariam
393 4328 568 4386 sententiam
589 4343 715 4394 versum,
731 4325 854 4383 Venetos
877 4325 1016 4383 occidisse
1036 4325 1272 4392 assummum:
1293 4322 1389 4394 legum

259 4410 391 4468 vindicta
405 4411 605 4485 subjicientem
619 4409 724 4484 quibus
743 4422 828 4467 antea
844 4427 923 4468 mora
936 4409 1082 4468 barbarico
1097 4408 1288 4483 persingulas
1305 4405 1390 4464 urbes

249 4495 408 4584 'grassandi
419 4505 588 4568 potestatem
604 4495 722 4554 dederit.
737 4516 752 4547 s
