3630 5660
465 551 509 621 52
741 574 786 625 nn
813 574 1044 626 cmcnusmus
1070 573 1314 625 mcuoxmus.

461 705 529 788 sat,
549 698 670 792 utqui
690 699 879 794 imperium
897 700 1049 794 indigna
1069 700 1263 772 ambitione
1284 705 1503 794 appetentes
1517 696 1594 791 jam

461 819 638 916 plerisque
667 822 842 894 nobilium
865 821 1074 915 conjuratis,
1100 845 1238 894 omnem
1257 820 1502 894 seditiosorum
1521 830 1596 894 tur-

461 946 544 1018 bam
569 945 676 1016 armis
696 944 868 1040 donisque
898 945 1112 1016 ministratis
1141 945 1341 1017 illexissent
1370 945 1434 1042 (1)
1463 946 1588 1018 Proco-

460 1067 587 1162 piusne
598 1091 644 1138 an
652 1068 885 1140 Marcellinus
891 1068 1031 1140 veriora
1037 1067 1182 1158 referat,
1197 1069 1284 1164 quid
1293 1069 1465 1141 interest?
1476 1069 1591 1163 publi-

461 1213 510 1261 cae
536 1198 630 1262 certe
650 1190 817 1263 seditioni
832 1191 995 1286 publicas
1008 1191 1117 1263 fuisse
1131 1214 1257 1264 causas
1274 1199 1424 1286 uterque
1443 1191 1591 1263 fatetur.

459 1311 779 1386 NonPrasinorum
792 1313 831 1384 in
843 1313 1091 1387 Justinianum
1103 1313 1256 1405 invidia,
1273 1314 1334 1385 sed
1343 1314 1466 1409 populi
1481 1315 1595 1387 omnis

460 1458 637 1507 aerumnas
664 1459 764 1530 aegre·
787 1435 939 1508 ferentis
970 1434 1193 1530 exasperatio
1225 1443 1361 1506 motum
1385 1434 1591 1507 concitavit.

461 1557 642 1631 Secundus
669 1566 813 1632 tantum
845 1567 965 1654 partes
992 1568 1139 1631 tenuere
1162 1559 1202 1630 in
1230 1558 1370 1652 ingenti
1403 1558 1469 1630 illa
1502 1558 1594 1631 sedi-

460 1680 557 1754 tione
575 1680 761 1754 factiones.
792 1677 1038 1754 Marcellinus
1053 1682 1270 1753 Venetorum
1297 1705 1338 1752 ac
1364 1682 1594 1753 Prasinorum

460 1825 506 1875 ne
524 1826 652 1876 nomen
671 1803 815 1899 quidem
840 1805 1008 1877 enuntiat
1029 1827 1037 1875 :
1061 1803 1104 1875 de
1120 1801 1202 1900 nis,
1220 1801 1304 1895 jure
1319 1803 1591 1898 quodammodo,

461 1925 555 1997 silet.

510 2048 693 2136 Attamen,
712 2045 782 2119 nisi
806 2067 963 2136 causam,
986 2044 1204 2117 occasionem
1223 2053 1317 2118 certe
1336 2046 1502 2120 seditioni
1519 2047 1594 2120 fac-

460 2170 575 2244 tiones
599 2170 739 2244 dedere.
773 2170 965 2259 Narratur,
988 2192 1033 2241 ex
1064 2168 1181 2241 tribus
1213 2168 1389 2242 seditiosis
1422 2173 1467 2242 ab
1487 2170 1596 2245 Urbis
1649 2228 1652 2234 .

459 2295 620 2390 llparcho
637 2296 682 2367 ad
694 2301 844 2367 mortem
851 2293 982 2382 ductis,
1003 2291 1104 2382 duos,
1122 2291 1277 2365 effractis
1293 2291 1385 2365 forte
1403 2294 1591 2388 patibulis,

460 2419 644 2491 interram
658 2417 823 2490 cecidisse
838 2425 1045 2511 ereptosque
1063 2440 1084 2488 a
1102 2416 1233 2511 populo
1252 2417 1467 2512 navigioque
1481 2417 1594 2513 impo-

458 2540 557 2630 sitos
579 2541 694 2612 invito
714 2541 875 2635 Eparcho
897 2563 937 2610 ac
958 2538 1085 2628 milite,
1112 2539 1150 2609 in
1175 2538 1315 2634 asylum
1333 2540 1442 2612 fuisse
1468 2540 1593 2634 depor—

460 2673 570 2754 tat0s;
592 2689 742 2760 quorum
756 2688 850 2736 unus
867 2664 1051 2754 PrasinuS,
1073 2665 1231 2736 Venetus
1250 2664 1342 2735 alter
1356 2663 1440 2736 fuit.
1462 2666 1596 2737 Ambas

461 2787 572 2882 igitur
588 2787 774 2878 factiones,
798 2786 887 2858 actis
905 2786 1133 2878 circensibus
1156 2809 1231 2858 una
1261 2810 1346 2860 voce
1369 2787 1595 2869 clementiam
1653 2817 1658 2824 ·

461 2910 689 3004 Imperatoris
701 2910 936 3004 imploravere
950 2908 1199 3003 repulsamque
1214 2909 1341 2981 tulere.
1360 2910 1450 2982 Tum
1467 2909 1596 2982 Veneti

463 3057 504 3107 ac
524 3034 679 3125 Prasini,
709 3058 823 3129 nuper
850 3059 887 3107 se
912 3034 1066 3106 invicem
1095 3035 1321 3107 contumeliis
1357 3058 1398 3106 ao
1426 3033 1596 3106 conviciis

462 3179 653 3250 provocare
672 3157 843 3247 consueti,
856 3154 934 3248 jam
950 3155 1268 3228 acclamationibus
1284 3180 1325 3231 ac
1343 3155 1512 3229 laudibus
1523 3178 1595 3229 sese

462 3277 617 3348 invicem
643 3279 798 3351 mulcere
833 3277 1058 3370 incoeperunt
1066 3299 1077 3365 ;
1109 3300 1174 3349 nec
1202 3276 1281 3371 jam
1319 3305 1337 3349 r
1371 3279 1606 3368 Justiniano,'

462 3398 716 3496 philanthropo
736 3399 892 3490 domino,
915 3399 1047 3471 multos
1067 3421 1179 3471 annos
1199 3428 1216 3470 r
1239 3409 1375 3496 optare,
1393 3401 1467 3493 sed,
1483 3402 1594 3496 impe-

463 3522 598 3594 ratoria
612 3522 838 3620 polychronio
857 3521 1007 3594 ridicule
1028 3521 1174 3615 imitati,
1196 3523 1281 3596 hinc
1302 3547 1309 3594 :
1332 3523 1596 3620 Pln'lontlzropis

463 3645 635 3736 Prosvbis,
651 3645 755 3717 illinc
772 3669 780 3717 ε
807 3643 1075 3748 sz'lontlzropz's
1089 3643 1222 3718 Venetis
1235 3648 1361 3720 multoc
1378 3670 1497 3736 annos,
1512 3669 1595 3719 con·

464 3770 619 3841 clamare
637 3769 701 3866 (2).
718 3770 762 3840 ln
779 3766 1021 3862 Hippodromo
1043 3767 1169 3862 igitur,
1180 3779 1314 3864 ‚aperto
1328 3770 1427 3861 coelo,
1452 3770 1596 3843 vidente

465 3901 572 3988 atque
590 3891 757 3964 audiente
780 3891 1009 3985 Imperatore,
1031 3891 1215 3964 elaborata
1233 3894 1417 3966 seditionis
1431 3893 1593 3983 consilia,
1648 3987 1651 3994 Ι

465 4017 683 4111 verbumque
698 4015 806 4108 Nilo,
828 4017 867 4090 in
886 4015 1031 4091 modum
1049 4025 1200 4106 tesserae,
1220 4016 1422 4090 inventum.

499 4311 536 4383 (l)
548 4309 670 4368 Marcell.
686 4326 712 4366 a.
728 4310 788 4380 532,
803 4327 832 4383 p.
850 4310 913 4368 380.

499 4405 535 4474 (l)
549 4427 563 4456 α
579 4403 742 4480 Φιλανθρώπῳ
755 4398 866 4478 δεσπότῃ
878 4400 959 4457 πολλὰ
973 4403 1008 4458 τὰ
1027 4397 1082 4464 ivn·
1106 4425 1119 4455 n
1144 4405 1271 4481 Theoph.
1298 4406 1328 4464 in
1350 4406 1442 4464 Phoco
1462 4423 1489 4466 a.
1515 4408 1595 4475 6099,

464 4507 493 4563 p.
508 4490 570 4548 lor.
587 4521 617 4532 -
633 4493 812 4558 (lenimenta,
828 4489 946 4563 passim.
