3630 5660
736 544 955 624 pnomuruu.
1385 583 1409 654 9

278 706 401 795 Illum,
433 712 475 775 ut
512 701 706 775 Artavasdi
738 701 945 774 rebellionis
984 703 1184 794 conscium,
1229 727 1410 778 unacum

280 827 480 930 Artavasdo
507 826 659 920 filiisque
690 833 796 921 atque
829 824 951 897 amicis
970 823 1059 918 ejus,
1082 824 1193 898 oculis
1211 827 1407 921 privatum,
1438 899 1443 916 ,

281 951 461 1044 asinoque,
490 948 582 1020 facie
616 948 661 1018 ad
691 949 842 1020 caudam
876 944 1222 1041 versa,'imp0situm
1247 972 1311 1044 per
1337 971 1410 1020 me-

279 1074 379 1146 dium
406 1071 547 1145 Circum
569 1071 710 1143 traduci
744 1069 853 1163 jussit
887 1069 1131 1166 Ooprcnpmus
1138 1093 1147 1160 3
1180 1071 1412 1165 eumdemque

279 1203 412 1291 postea,
435 1195 737 1266 Iccnoclastarum
753 1199 877 1287 utpote
897 1200 1117 1283 sectatorem,
1128 1192 1166 1266 in
1178 1194 1412 1288 episcopalem

280 1319 463 1407 thronum,
500 1316 603 1410 quasi
625 1310 861 1410 patriarchali
891 1313 970 1407 ejus
999 1315 1170 1411 dignitati
1196 1316 1312 1411 turpis
1349 1316 1413 1390 ille

280 1440 482 1534 triumphus
509 1439 600 1510 nihil
626 1438 829 1532 derogasset
853 1436 1013 1509 restituit
1043 1436 1108 1534 (1).
1131 1438 1204 1510 Nec
1227 1437 1348 1510 mitior
1373 1437 1411 1509 in

280 1562 556 1635 Constantinum
583 1559 830 1634 Patriarcham
857 1558 1131 1655 Copronymus:
1157 1583 1263 1656 quem
1287 1559 1411 1634 iisdem

280 1684 451 1758 conviciis
489 1707 529 1756 ao
562 1682 781 1756 cruciatibus
817 1689 949 1773 actum,
980 1682 1179 1756 ludibrium
1219 1682 1413 1777 plebeculae

280 1806 465 1906 proposuit
488 1806 498 1901 (
525 1804 552 1901 l.

331 1930 481 2001 Taceam
498 1928 542 2001 de
559 1949 620 1998 x1x
638 1927 880 2021 magnatibus,
905 1949 993 2020 quos
1015 1925 1109 1998 idem
1128 1925 1292 2022 princeps
1311 1950 1414 2000 sanc·

283 2059 402 2124 tarum
434 2051 632 2145 imaginum
657 2049 855 2122 tenaciores
878 2050 1123 2122 observatores
1149 2048 1259 2122 simili
1284 2049 1413 2122 trium·

281 2175 352 2269 pho
371 2176 409 2247 in
429 2173 530 2248 Circo
550 2173 715 2246 traduxit
744 2171 810 2268 (3).
839 2173 913 2246 Nec
938 2178 1087 2244 cruenta
1110 2178 1266 2261 tantum,
1295 2173 1356 2245 sed
1379 2181 1417 2246 et

282 2296 436 2368 ridicula
458 2294 657 2390 imaginum
690 2293 887 2365 cultoribus
918 2292 1094 2387 supplicia
1117 2293 1325 2367 intentabat
1350 2295 1417 2368 Oo-

211 2425 212 2430 ’
282 2440 476 2514 pronymus
498 2441 505 2490 :
528 2425 570 2489 ut
589 2416 829 2488 monasticum
842 2416 937 2488 enim
956 2415 1121 2488 habitum
1140 2416 1418 2512 institutumque

283 2541 441 2636 omnium
461 2541 574 2612 oculis
593 2539 890 2612 contemnendum
909 2548 1134 2635 proponeret,
1156 2540 1328 2635 quosdam
1343 2563 1417 2612 mo·

283 2665 433 2752 nachos,
469 2662 628 2758 singulos
660 2683 739 2733 cum
771 2660 981 2734 mulieribus
1018 2684 1129 2732 manu
1169 2663 1414 2757 apprehensis,

280 2789 368 2860 dum
387 2787 482 2882 ipsos
501 2787 601 2881 plebs
621 2785 735 2857 omnis
755 2785 976 2874 exsibilaret,
998 2785 1037 2858 in
1058 2808 1167 2858 arena
1187 2786 1418 2860 obambulare

277 2908 434 3002 jusserat
454 2907 517 3002 (d).

211 3079 213 3084 .
330 3034 516 3126 ltcgnante
535 3027 743 3123 Theophilo,
767 3051 887 3099 severo
916 3029 979 3101 illo
1005 3029 1139 3121 judice,
1171 3031 1229 3103 die
1261 3033 1417 3127 quadam
1522 3113 1531 3124 ,

280 3154 503 3251 Byzantinus
522 3152 688 3246 populus,
705 3150 750 3222 ad
770 3150 965 3246 spectanda
979 3152 1152 3225 circensia
1166 3162 1413 3248 congregatus,

271 3263 512 3373 improvisum
533 3298 574 3345 ac
591 3274 751 3346 terribile
769 3275 1010 3369 spectaculum
1030 3276 1182 3369 stupuit.
1203 3277 1417 3371 Praepositus

281 3423 404 3494 nempe
426 3398 531 3470 Sacro
551 3396 691 3468 Palatio
706 3395 852 3469 viduam
864 3396 1048 3469 mulierem
1069 3421 1161 3470 nave
1181 3398 1267 3472 satis
1285 3423 1416 3494 magna

280 3523 527 3611 fraudaverat,
552 3518 879 3615 appellationesque
914 3519 1073 3592 mulieris
1098 3522 1142 3592 ad
1162 3523 1415 3618 Imperatorem

266 3633 528 3740 interceperat.
551 3645 600 3715 At
620 3643 718 3714 mimi
735 3641 947 3733 factionum,
969 3644 1128 3716 mulieris
1143 3646 1307 3740 precibus
1321 3671 1414 3720 com·

281 3768 382 3857 moti,
417 3769 631 3840 fabricatam
664 3767 869 3838 naviculam
904 3791 1012 3862 prope
1048 3768 1316 3863 imperatorium
1359 3795 1415 3844 ca

279 3891 413 3964 thisma
431 3892 645 3963 constituere
663 3898 699 3961 et
726 3889 776 3961 sic
798 3890 893 3961 inter
922 3913 957 3962 se
981 3891 1135 3986 colloqui
1163 3892 1408 3988 incoeperunt:

316 4086 351 4154 (l)
366 4085 494 4156 Theoph.
514 4101 590 4140 nnnc
612 4083 691 4149 sust,
708 4101 736 4157 p.
760 4083 822 4141 648.
843 4115 874 4126 -
888 4087 1010 4140 Miscetla
1031 4086 1161 4140 historia.
1190 4115 1218 4124 -
1243 4083 1360 4141 Cedren.
1380 4118 1409 4126 -

280 4168 492 4322 Zolllll'b’ebbli.
511 4266 587 4306 anno
605 4249 683 4313 6759,
699 4267 724 4322 p.
744 4250 805 4307 681.
824 4280 856 4290 -
871 4248 1022 4321 Nicephori
1035 4248 1203 4307 Parricrobae
1218 4253 1408 4308 Bruoiorr'um.

283 4363 312 4374 -
328 4336 452 4388 dliscelln
466 4335 597 4389 historia.

316 4417 352 4484 [3)
365 4418 493 4489 Theoph.
506 4434 581 4474 nnnc
595 4416 675 4485 6757,
691 4434 718 4489 p.
734 4417 795 4473 676.

317 4505 352 4568 (l)
365 4502 437 4566 lbid,
456 4518 482 4572 p.
495 4500 557 4558 676.
575 4533 602 4542 -
620 4499 737 4558 cedron.
754 4509 773 4558 t.
789 4500 821 4569 ll,
837 4517 863 4574 p.
885 4501 924 4557 ll.
943 4533 971 4542 -
987 4503 1117 4565 Zonaras,
1130 4499 1186 4570 XV,
1201 4504 1227 4556 7.
