3630 5660
723 521 837 572 onnur
864 524 888 571 1.
1333 498 1377 570 25

249 656 477 732 Justinianus
503 651 746 726 sz'notmetus
776 656 813 720 et
845 649 1027 736 Leontius,
1055 647 1230 720 transiere
1236 672 1247 738 ;
1276 649 1380 720 dura·

250 786 382 852 verunt
399 783 535 874 τὰμέρη.
557 771 774 862 Nestoriani,
796 770 938 862 Ariani,
959 771 1233 870 Monophysitae,
1254 771 1381 843 Mono-

250 900 400 992 tbelitae,
434 894 926 986 Ioonoolastae,‚transierunt
955 918 965 966 ι
993 894 1158 967 omnibus
1183 891 1382 967 Venetiae

250 1023 392 1096 Prasiai
411 999 632 1117 superstites.

299 1145 411 1219 Credo
430 1144 542 1239 igitur
573 1148 710 1241 τὰμέρη
742 1140 834 1214 nihil
866 1140 936 1213 nisi
966 1139 1129 1237 hippioas
1161 1137 1271 1212 fuisse
1305 1138 1381 1210 fae-

249 1269 363 1341 tiones
385 1291 393 1340 :
415 1291 479 1366 per
497 1289 534 1338 se
553 1265 743 1338 exstitisse.
768 1264 850 1337 Non
869 1288 914 1336 ex
936 1266 1158 1337 urbanarum
1179 1261 1380 1357 regionum,
1463 1361 1465 1370 ,

248 1415 354 1465 none
372 1391 553 1486 regiarum
576 1389 758 1478 domuum,
779 1411 884 1459 none
904 1386 1120 1481 religionum
1142 1383 1379 1472 conflictibus,

248 1515 310 1589 sed
329 1539 374 1588 ex
397 1511 633 1608 Hippodromi
658 1517 801 1580 tantum
827 1507 1071 1580 simultatibus
1090 1507 1263 1580 conflatas
1282 1503 1383 1577 effer-

249 1636 380 1709 buisse.
401 1636 479 1708 Has
498 1632 637 1728 genuit,
668 1631 734 1702 has
755 1630 859 1720 aluit,
894 1629 960 1701 has
985 1628 1147 1701 irritavit
1179 1627 1383 1724 Hippodro·

249 1783 341 1832 mus

298 1879 546 1954 Immutabiles
577 1875 761 1948 hominum
787 1873 923 1945 animos
942 1872 972 1943 si
996 1871 1187 1968 paululum
1204 1879 1384 1945 scrutatus

251 2002 372 2091 fueris,
396 2002 439 2074 de
455 1999 653 2072 factionum
674 1995 874 2090 originibus
902 1994 1039 2066 doctior
1065 1994 1206 2067 evades.
1238 1993 1275 2067 Si
1301 2017 1384 2066 oon·
1491 2057 1492 2064 ,

249 2131 444 2212 currentes,
474 2121 578 2193 utin
608 2128 706 2192 sexto
732 2119 874 2208 saeoulo,
898 2141 1035 2206 ourrus,
1057 2125 1100 2188 ut
1130 2117 1168 2189 iu
1188 2117 1385 2212 undevige-

250 2247 338 2319 simo
359 2253 478 2317 nostro
498 2267 618 2338 equos
633 2243 709 2316 sine
728 2243 865 2331 favore,
877 2241 952 2313 sine
966 2264 1026 2335 spe
1038 2247 1103 2312 aut
1115 2240 1254 2329 timore,
1270 2249 1312 2312 ut
1326 2241 1388 2311 ob-

252 2369 333 2440 vius
352 2367 514 2462 quisque,
530 2367 727 2461 adspectas,
744 2389 861 2438 nonne
879 2363 1027 2459 frigebit
1049 2363 1119 2434 tibi
1144 2361 1273 2435 ludus?
1294 2362 1388 2449 Quid

249 2498 315 2562 tua
328 2490 438 2563 refert
454 2490 533 2584 quis
552 2489 736 2584 praemium
755 2488 1043 2583 ignotus‘ignoto
1064 2486 1230 2558 auferat?
1248 2494 1313 2558 tua
1331 2510 1388 2558 res

251 2637 322 2684 non
342 2621 406 2684 est.
432 2612 512 2701 Sed,
525 2635 655 2706 quaeso,
668 2611 856 2706 sponsione
873 2610 1119 2682 adversarium
1134 2633 1308 2704 provo0a3
1328 2609 1389 2682 de-

251 2729 326 2806 oem
339 2734 456 2806 millia
475 2735 649 2807 librarum
663 2735 702 2806 in
723 2733 881 2805 medium
899 2757 1057 2828 propone
1080 2757 1087 2805 :
1111 2733 1170 2804 fae
1187 2740 1228 2804 tu
1248 2755 1388 2804 omnem

250 2857 438 2951 pecuniam
453 2858 609 2944 amittas,
628 2857 657 2928 si
684 2864 748 2928 aut
767 2880 891 2928 ourrus
915 2864 978 2928 aut
996 2880 1108 2952 equus
1123 2856 1193 2946 hio,
1211 2855 1389 2951 duplioem

252 3001 335 3050 vero
355 3001 528 3050 summam
541 2978 694 3067 auferaS,
706 2977 737 3049 si
744 3001 868 3050 ourrus
882 2987 945 3050 aut
957 3002 1069 3073 equus
1082 2978 1144 3051 ille
1156 2979 1314 3073 palmam
1329 2987 1389 3051 tu·

249 3100 344 3173 lerit.
361 3100 487 3195 ¹Quid?
506 3101 658 3172 ludusne
678 3123 775 3172 nuno
794 3100 903 3172 etiam
922 3100 1095 3194 frigebit?
1120 3124 1308 3195 parumne,
1331 3101 1390 3173 hio

234 3249 295 3322 xan
313 3225 376 3296 ille
395 3213 553 3319 palmam
576 3224 681 3313 ferat,
708 3247 804 3294 nune
825 3223 935 3294 etiam
953 3224 1094 3296 refert?
1115 3222 1324 3313 Quietusne,
1347 3232 1389 3296 ut

249 3372 374 3443 nuper,
397 3344 544 3444 sanguis
560 3349 628 3421 tibi
647 3349 686 3420 in
704 3348 805 3419 venis
820 3347 1055 3450 torpet'llmo
1074 3371 1227 3443 pronum
1247 3348 1285 3419 in
1308 3371 1387 3420 are-

250 3498 335 3545 nam
352 3481 388 3546 te
408 3473 494 3545 deus
521 3473 647 3567 agitat.
667 3472 797 3545 Omnia
822 3472 861 3544 in
879 3480 915 3544 te
932 3481 1087 3562 mutata,
1116 3471 1250 3562 facies,¹
1276 3472 1385 3562 oolor,

249 3594 386 3685 vultus,
418 3619 489 3666 vox
520 3619 527 3666 :
557 3619 646 3689 spes,
681 3595 816 3684 timor,
842 3595 1028 3689 gaudium,
1069 3594 1281 3689 desperatio,
1315 3593 1384 3682 ira,

245 3739 345 3787 nuno
363 3716 474 3788 mixto
495 3714 714 3808 singultibus
736 3739 930 3804 murmure,
956 3739 1052 3787 nuno
1070 3716 1202 3811 plausu
1223 3723 1288 3788 aut
1312 3717 1386 3788 ola-

249 3862 357 3926 more,
381 3844 584 3931 erumpunt.
607 3835 725 3908 Roma
759 3844 822 3907 aut
844 3837 1026 3931 Byzantii,
1060 3859 1196 3931 pauper
1226 3837 1386 3932 plebeius
1436 3861 1440 3884 ¹

248 3986 330 4034 raro
359 3959 465 4032 libros
492 3966 555 4030 aut
582 3957 788 4032 uomrtmotu
813 3957 852 4029 in
872 3957 1027 4029 medium
1049 3956 1324 4056 jactabatgnon
1344 3960 1387 4033 de

247 4083 413 4178 peounia,
444 4081 504 4154 sed
531 4079 575 4153 de
601 4079 752 4174 gloriola
773 4079 957 4173 agebatur.
980 4079 1061 4151 Non
1082 4103 1223 4172 aurum,
1250 4082 1310 4155 sed
1330 4107 1383 4156 se-

247 4209 436 4302 metipsum
456 4205 669 4300 exponebat.
693 4202 730 4275 Si
751 4202 796 4273 ad
824 4201 1007 4274 sinistram
1034 4203 1231 4298 imperialis
1255 4205 1382 4277 eathis

248 4330 354 4401 matis
381 4330 533 4418 sederat,
562 4327 592 4399 si
611 4326 794 4421 prasinam
814 4332 946 4398 vestem
966 4325 1147 4416 induerat,
1171 4328 1200 4398 si
1224 4327 1382 4424 Olympio

250 4451 382 4546 auriga
407 4451 606 4539 victoriam,
638 4451 668 4522 si
691 4447 832 4524 'lbumb
862 4450 1012 4547 cladem,
1039 4449 1202 4525 omnibus
1239 4450 1385 4532 audien·
1495 4499 1499 4510 ·
