3630 5658
737 456 851 507 cnrur
878 456 926 506 vr.
1346 463 1391 536 97
1428 469 1431 485 ν

1362 587 1370 613 ,Ι

260 583 322 680 qui
334 582 428 679 apud
438 589 598 654 auctores
607 582 778 677 quosdam
789 594 826 658 τὰ
840 601 968 682 πρωτεῖα
983 583 1083 681 (1),oi
1098 591 1310 686 κορυφαιὸτεροι
1323 586 1359 684 (2
1361 616 1372 684 )
1380 643 1390 676 ,

261 721 286 785 οἱ
307 712 501 806 &rumpitque
524 703 573 803 (3)
608 705 801 800 aliquando
825 715 1093 802 nuncupantur,
1124 708 1195 782 viri
1228 733 1312 782 sane
1332 709 1395 804 qui

262 833 365 906 nulla
384 830 560 924 dignitate
581 835 644 899 aut
662 828 773 900 officio
787 828 1034 924 fungerentur,
1056 831 1241 927 opulentia
1257 841 1392 923 tamen,

264 964 327 1028 aut
339 953 554 1050 eloquentia,
574 950 860 1024 autfertitudine
879 952 1087 1043 audaciave,
1112 955 1286 1028 notabiles
1300 954 1396 1027 vide·
1441 1011 1448 1018 .

261 1086 400 1150 rentur.

309 1359 392 1432 VII.
427 1403 477 1413 -
508 1360 764 1455 Aurigantium
791 1361 829 1433 in
863 1361 965 1434 Circo
998 1363 1076 1435 duae
1101 1364 1229 1436 classes
1255 1373 1390 1437 ⁸erant:

262 1482 308 1552 ad
334 1482 550 1575 superiorem
580 1481 767 1574 Heniochi,
802 1484 848 1556 ad
876 1485 1026 1557 alteram
1061 1487 1202 1584 Btjqerr't'
1235 1488 1393 1582 pertine-

259 1608 349 1676 bant
374 1605 437 1701 tt).
461 1606 541 1678 Non
561 1607 654 1700 quod
674 1607 712 1678 hi
730 1608 832 1702 bigas
850 1617 1006 1700 tantum,
1029 1609 1084 1680 illi
1104 1611 1297 1704 quadrigas
1318 1612 1393 1703 agi-

259 1728 445 1799 taverint:
477 1751 561 1798 nam
586 1727 678 1799 idem
706 1729 745 1800 in
777 1729 911 1801 decimo
940 1731 1066 1802 saeculo
1095 1709 1285 1826 ‹pradriga‚
1308 1732 1393 1826 biga

262 1849 458 1921 autetiam
486 1851 581 1944 triga
606 1849 654 1947 (5)
686 1850 928 1944 significabat3
956 1852 1107 1947 solaeque
1138 1854 1321 1950 quadrigar
1352 1854 1390 1926 iu

260 1999 325 2046 usu
348 1974 442 2069 apud
462 1972 570 2068 hujus
589 1975 706 2045 aetatis
726 1975 945 2070 Byzantinos
964 1984 1069 2048 erant
1090 1977 1157 2074 (6).

309 2112 484 2184 Heniochi
512 2111 606 2184 inter
625 2113 780 2207 bigarios
806 2115 994 2209 optimates
1019 2124 1153 2189 erant:
1183 2118 1327 2214 bigarii,
1360 2121 1390 2191 si

265 2259 345 2308 eum
370 2234 551 2306 heniochis
578 2245 871 2331 compararentur
901 2249 927 2313 οἱ
957 2246 1048 2314 λοιποὶ
1065 2245 1199 2338 βηγαρίοι
1230 2240 1389 2335 appella-

264 2360 396 2429 bantur
419 2357 481 2455 (7).

307 2492 534 2586 Bigariorum
554 2517 722 2565 numerus
742 2519 812 2565 non
838 2494 1034 2568 definitus:
1070 2505 1107 2569 at
1134 2497 1389 2570 heniochorum

259 2615 444 2688 definitum
473 2617 581 2688 fuisse
608 2641 807 2707 numerum,
830 2625 866 2690 et
890 2627 1044 2713 quatuor
1066 2628 1210 2693 tantum
1231 2622 1386 2716 aurigae,

259 2763 371 2810 unum
396 2739 530 2812 scilieet
557 2741 595 2812 in
621 2764 762 2836 quaque
786 2741 955 2834 factione,
986 2746 1053 2816 hoc
1083 2745 1191 2818 titulo
1219 2745 1389 2840 gloriatos

261 2861 367 2934 fuisse
386 2863 595 2935 crediderim
619 2864 683 2961 (8)

292 3146 327 3214 (Ι)
342 3147 452 3202 (leriae.
468 3143 500 3201 ΙΙ.
518 3145 560 3214 m,
574 3144 641 3212 um
658 3144 679 3211 1,
697 3144 740 3212 69,
755 3162 784 3217 p.
799 3143 867 3216 3373
882 3145 902 3214 Ι,
920 3143 964 3211 71,
979 3161 1006 3216 p.
1024 3143 1085 3200 355.
1103 3173 1132 3184 -
1148 3142 1277 3214 Theoph.
1299 3141 1380 3210 6098,

275 3231 358 3287 ‚eth

254 3248 272 3303 p
289 3313 324 3380 (⁶2)
343 3313 505 3380 Simoenta,
522 3311 591 3378 Vill,
603 3311 636 3378 e‚·
647 3329 675 3384 p.
692 3312 754 3366 455.

290 3399 326 3466 (3)
341 3396 470 3477 theoph.
486 3414 512 3452 a.
529 3397 609 3465 teet,
625 3414 652 3469 p.
668 3396 729 3452 446,

291 3481 328 3546 (li)
339 3477 454 3550 Ηνιὸχοι,
470 3477 596 3551 βηγάμοι.

290 3561 327 3630 (5)
343 3561 489 3631 Cariati,
506 3562 549 3628 69,
565 3579 591 3633 p.
608 3561 669 3617 313.

288 3645 323 3714 (6)
337 3648 409 3701 lbt'd.
423 3647 540 3720 passim.
554 3678 583 3688 -
599 3645 637 3701 cf.
653 3655 751 3703 tamen
764 3647 786 3714 Ι,
799 3647 842 3714 ΙΙ,
858 3663 885 3720 p.
902 3646 963 3703 353.

288 3732 323 3797 (7)
340 3733 412 3788 Ibid.
428 3731 460 3794 11,
478 3731 519 3794 15,
534 3748 562 3803 p.
580 3731 643 3787 589.

288 3814 323 3882 (8)
338 3815 465 3880 Quatuor
476 3831 513 3869 ne
526 3815 556 3869 in
572 3816 752 3881 uniuersum,
766 3831 844 3870 unus
857 3816 887 3870 in
901 3813 1015 3886 quaque
1028 3812 1161 3882 sectione,
1177 3828 1213 3868 un
1226 3811 1320 3884 plures
1332 3810 1382 3864 he-

250 3895 348 3953 niochi
364 3898 527 3954 exstiterint
539 3915 599 3955 non
612 3907 709 3957 tamen
723 3900 842 3956 omnino
861 3899 962 3972 liquet.
979 3899 1189 3970 Eturamina,
1211 3900 1274 3953 haeo
1294 3895 1384 3952 consi·

250 3981 347 4038 derare
361 3992 470 4056 oportet
488 4003 493 4039 :

287 4068 316 4123 1⁰
330 4069 455 4135 Quutuor
468 4077 581 4126 tanturn
595 4072 715 4142 Aurigae,
732 4071 837 4144 quibus
850 4070 983 4143 plaudere
997 4077 1120 4142 quatuor
1131 4069 1268 4125 sactiones
1282 4066 1383 4122 dicun·

249 4164 306 4224 tur,
322 4155 429 4211 Prasini
444 4155 593 4228 Olympius
609 4166 637 4213 et
651 4158 810 4224 Anatclion,
827 4156 928 4212 Veneti
942 4155 1064 4211 Uranius
1076 4164 1103 4211 et
1116 4154 1233 4221 locrius
1253 4154 1284 4209 iu
1296 4153 1383 4209 Oari-

248 4243 351 4294 motu't's
369 4249 573 4311 nuncupantur
588 4241 706 4308 (Garine.
724 4240 745 4310 Ι,
760 4243 804 4310 71,
819 4258 847 4312 p.
863 4240 934 4310 350).
1352 4285 1356 4290 .

283 4324 359 4380 ‘2⁰In
386 4325 595 4397 antiquioribus
619 4325 863 4396 inscriptionibus
892 4326 1007 4394 arripe,
1039 4325 1208 4392 curipotort',
1238 4323 1381 4392 agitatori,

247 4413 427 4480 suob'ouurt'u
443 4426 505 4481 quae
519 4409 613 4477 uerba,
631 4409 798 4481 Bulengerio
818 4415 943 4476 auctore,
959 4410 1035 4464 idem
1051 4406 1253 4480 significabant
1271 4403 1382 4476 (Bulen-
