3630 5658
690 595 805 646 crinem
832 595 881 644 nr.
1308 575 1351 672 57

270 722 375 794 Anno
396 721 572 814 sequenti,
594 722 725 792 iterum
741 728 861 792 coorta
880 720 918 791 in
938 721 1104 792 Pittaciis
1123 721 1219 793 inter
1238 724 1354 796 Vene-

220 851 274 914 tos
299 865 339 914 ac
364 842 531 914 l'rasinos
551 866 686 936 pugna,
709 866 816 938 reque
842 843 973 937 gladiis
997 851 1089 934 acta,
1116 843 1210 916 idem
1238 845 1354 940 Impe-

217 973 328 1056 rator,
342 966 452 1038 ¹nullo
472 965 599 1037 coloris
619 965 834 1057 discrimine,
858 973 979 1050 πολλοὺς
993 977 1189 1065 ἐτιμωρήσατο
1211 965 1276 1064 (1).

267 1092 372 1164 Anno
413 1089 481 1162 563
519 1090 685 1185 denique,
728 1115 838 1186 quum
865 1091 1028 1164 Andreas
1059 1092 1282 1188 Logothetes‚
1310 1091 1350 1164 in

219 1213 434 1309 Eparchiam
453 1213 562 1285 Urbis
588 1220 781 1306 promotus,
815 1235 934 1302 curru,
970 1219 1013 1284 ut
1042 1212 1086 1285 de
1113 1235 1208 1284 more
1240 1213 1304 1310 (2),
1336 1236 1355 1284 e

219 1335 360 1408 Palatio
392 1336 431 1406 in
461 1334 624 1406 tribunal
650 1357 753 1406 suum
774 1335 974 1424 veheretur,
1008 1357 1078 1406 non
1103 1335 1280 1408 consuetis
1304 1335 1350 1432 (3)

220 1458 549 1548 acclamationibus,
573 1458 634 1530 sed
650 1457 819 1530 conviciis
834 1457 1028 1540 aPrasinis
1047 1466 1226 1553 exceptus,
1244 1457 1356 1552 Cujus

218 1582 268 1654 rei
303 1605 381 1676 quae
399 1604 509 1653 causa
527 1580 623 1652 fuit?
643 1580 775 1673 Ejusne
798 1587 1051 1656 antecessorem
1068 1580 1290 1675 Procopium,
1313 1589 1356 1653 ut

219 1705 377 1778 Prasinis
394 1705 559 1794 amicum,
577 1705 843 1794 desiderabant,
862 1728 908 1776 an
922 1705 1039 1800 ipsum
1057 1712 1100 1776 ut
1114 1705 1260 1777 Venetis
1279 1687 1355 1778 fau·

218 1836 339 1900 turum
355 1827 661 1900 reformidabant?
680 1825 868 1898 incertum.
882 1827 1011 1900 Veneti
1030 1834 1123 1900 certe
1140 1828 1310 1901 Praefecto
1331 1801 1353 1900 a

217 1949 377 2022 Prasinis
396 1950 541 2045 exploso
562 1948 743 2021 asuxiliati.
775 1949 972 2022 Praefectus
991 1973 1080 2028 sane,
1095 1974 1216 2044 pacem
1237 1950 1355 2045 potius

219 2097 327 2167 quam
349 2072 525 2144 auxilium
549 2074 592 2144 ab
612 2071 657 2143 iis
677 2070 908 2167 requisiisset.
932 2075 1118 2168 Extemplo
1138 2081 1258 2146 tamen
1278 2097 1354 2145 ma-

220 2219 287 2268 nus
314 2204 503 2285 consertae3
538 2194 700 2266 custodia
731 2203 766 2266 et
794 2219 950 2267 carceres
978 2195 1134 2286 effracti;
1169 2220 1190 2267 a
1220 2196 1357 2268 decima

219 2320 308 2392 hora
345 2343 457 2413 usque
496 2318 540 2390 ad
579 2342 764 2414 vesperam
797 2327 1010 2413 pugnatum.
1049 2319 1148 2392 Tunc
1177 2320 1355 2410 Justinus,

217 2441 449 2537 Imperatoris
469 2464 587 2535 nepos,
612 2441 778 2536 praelium
800 2441 965 2531 diremit;
989 2442 1083 2513 circa
1113 2442 1356 2515 duodecimam

219 2573 338 2637 autern
360 2564 484 2634 horam
506 2562 584 2658 pari
605 2564 724 2635 furore
743 2563 926 2635 iteratum.
960 2564 1027 2636 bed
1055 2571 1190 2635 atroces
1221 2565 1358 2637 animos

196 2687 328 2759 atroci
365 2685 503 2758 saevitia
523 2685 611 2756 vicit
642 2687 665 2758 J
668 2685 821 2757 ustinus
854 2686 1076 2782 Quicumque
1096 2687 1215 2781 gladio
1237 2711 1356 2759 arma-

219 2817 278 2880 tus
296 2815 419 2901 captus
448 2806 586 2896 fuisset,
610 2806 737 2901 pollice
765 2816 971 2903 amputatus
983 2832 993 2899 ;
1012 2810 1138 2883 'caeteri
1161 2809 1199 2882 in
1218 2811 1349 2882 multos

220 2929 295 3000 dies
315 2953 377 3023 per
395 2929 526 3000 Urbem
547 2927 782 3021 ignominiose
802 2931 959 3002 traducti
981 2931 1048 3027 (q).

264 3053 426 3124 Tantane
446 3049 527 3121 odia
555 3060 630 3122 tarn
663 3050 802 3122 frivolae
836 3076 949 3123 causae
978 3053 1257 3127 excitaverunt?
1275 3056 1355 3128 Non

213 3198 276 3269 pro
305 3172 425 3268 patria
454 3180 517 3242 aut
537 3172 708 3266 religione
733 3181 796 3244 aut
816 3175 1037 3268 parentibus,
1061 3177 1121 3248 sed
1148 3177 1355 3271 aurigarum

212 3305 249 3369 et
267 3297 424 3368 colorum
444 3318 552 3367 causa
572 3296 766 3390 Byzantini
787 3298 929 3370 factiosi
948 3300 1054 3371 morti
1074 3324 1109 3372 se
1130 3323 1171 3373 ac
1190 3301 1355 3374 crudelis-

213 3419 310 3490 simis
337 3417 524 3490 tormentis
550 3416 758 3490 offerebant.
783 3421 904 3516 Usque
938 3422 1037 3512 adeo,
1069 3419 1275 3496 Justiniano
1304 3447 1354 3496 re

216 3549 365 3634 gnante,
408 3541 621 3638 Byzantinae
657 3542 829 3614 factiones
873 3568 943 3614 non
977 3546 1203 3639 publicarum
1234 3572 1353 3620 rerum

213 3686 319 3734 causa
338 3664 514 3737 discordes
532 3666 691 3756 fuerunt,
714 3674 755 3738 ut
774 3666 813 3737 in
832 3669 988 3740 externis
1008 3669 1116 3740 etiam
1136 3679 1172 3743 et
1186 3673 1351 3745 barbaris

213 3786 331 3880 regnis
355 3788 492 3860 Veneta
516 3810 557 3859 ac
580 3787 733 3859 Prasina
759 3788 932 3861 factiones
958 3791 1175 3865 exstiterint.
1201 3793 1228 3865 F
1230 3818 1352 3867 ranco-

212 3933 292 3981 rum
316 3910 365 4006 (t)
391 3917 498 4004 atque
521 3907 815 4004 Ostrogothorum
844 3913 889 4010 (6)
918 3913 1033 4008 reguli
1059 3903 1140 3986 suos
1164 3915 1350 4012 hippodro-

248 4107 357 4176 (nnu.
372 4125 400 4180 p.
416 4107 477 4163 roa.
495 4138 529 4152 -
541 4109 668 4183 rneopn.
684 4128 710 4167 a.
727 4111 806 4178 eoas,
822 4128 849 4183 p.
867 4111 930 4168 aso.
953 4143 981 4153 -
997 4111 1113 4169 cedrea.
1131 4114 1152 4181 r,
1166 4114 1230 4173 aro.
1291 4074 1313 4090 ”

247 4191 282 4259 (2)
297 4193 406 4283 Oarim.
424 4191 456 4256 ll,
473 4191 507 4248 52
522 4199 551 4248 et
567 4193 608 4261 53,
628 4211 655 4266 p.
672 4193 725 4252 263
739 4203 769 4252 et
783 4210 843 4268 seq.

248 4273 284 4423 ill
298 4273 425 4429 illidor.
458 4375 483 4414 a.
500 4357 579 4424 onas,
595 4377 625 4433 p.
642 4361 701 4417 aro

249 4441 286 4508 (5)
301 4441 380 4511 Greg.
396 4443 462 4498 Tur.
479 4445 552 4499 Hist.
566 4443 599 4509 V,
631 4445 671 4501 ta.

248 4523 283 4592 lss)
298 4523 383 4581 Punv.
412 4526 432 4592 1,
450 4527 490 4583 ΙΙ.
509 4559 539 4570 -
557 4527 681 4585 Cassiod.
700 4529 760 4583 Var.
779 4527 826 4582 liv.
843 4529 863 4583 Ι.

1590 1145 1605 1178 Ι
