<?xml version="1.0" encoding="UTF-8"?>
<!DOCTYPE html PUBLIC "-//W3C//DTD XHTML 1.0 Transitional//EN"
    "http://www.w3.org/TR/xhtml1/DTD/xhtml1-transitional.dtd">
<html xmlns="http://www.w3.org/1999/xhtml" xml:lang="en" lang="en">
 <head>
  <title>
</title>
<meta http-equiv="Content-Type" content="text/html;charset=utf-8" />
  <meta name='ocr-system' content='tesseract 3.04.00' />
  <meta name='ocr-capabilities' content='ocr_page ocr_carea ocr_par ocr_line ocrx_word'/>
</head>
<body>
  <div class='ocr_page' id='page_1' title='image "./debyzantinohipp00rambgoog_0043.png"; bbox 0 0 3630 5660; ppageno 0'>
   <div class='ocr_carea' id='block_1_1' title="bbox 436 553 1290 630">
    <p class='ocr_par' dir='ltr' id='par_1_1' title="bbox 436 553 1290 630">
     <span class='ocr_line' id='line_1_1' title="bbox 436 553 1290 630; baseline -0.001 -3"><span class='ocrx_word' id='word_1_1' title='bbox 436 553 483 627; x_wconf 87' lang='lat'>30</span> <span class='ocrx_word' id='word_1_2' title='bbox 719 577 765 628; x_wconf 84' lang='lat' dir='ltr'>un</span> <span class='ocrx_word' id='word_1_3' title='bbox 792 575 1021 630; x_wconf 83' lang='lat' dir='ltr'>crncnnsraus</span> <span class='ocrx_word' id='word_1_4' title='bbox 1046 575 1290 630; x_wconf 80' lang='lat' dir='ltr'>racnoruaus.</span> 
     </span>
    </p>
   </div>
   <div class='ocr_carea' id='block_1_2' title="bbox 425 693 1593 4128">
    <p class='ocr_par' dir='ltr' id='par_1_2' title="bbox 432 693 1566 1269">
     <span class='ocr_line' id='line_1_2' title="bbox 481 693 1560 801; baseline -0.001 -24"><span class='ocrx_word' id='word_1_5' title='bbox 481 705 531 777; x_wconf 93' lang='grc' dir='ltr'>ΙΙ.</span> <span class='ocrx_word' id='word_1_6' title='bbox 553 705 633 778; x_wconf 87' lang='lat' dir='ltr'>Non</span> <span class='ocrx_word' id='word_1_7' title='bbox 654 704 748 799; x_wconf 91' lang='lat' dir='ltr'>quod</span> <span class='ocrx_word' id='word_1_8' title='bbox 765 705 861 800; x_wconf 85' lang='lat' dir='ltr'>regio</span> <span class='ocrx_word' id='word_1_9' title='bbox 878 693 1043 801; x_wconf 87' lang='lat' dir='ltr'>¹quaedam</span> <span class='ocrx_word' id='word_1_10' title='bbox 1062 703 1161 775; x_wconf 92' lang='lat' dir='ltr'>urbis</span> <span class='ocrx_word' id='word_1_11' title='bbox 1181 703 1284 775; x_wconf 89' lang='lat' dir='ltr'>alteri</span> <span class='ocrx_word' id='word_1_12' title='bbox 1301 700 1448 776; x_wconf 88' lang='lat' dir='ltr'>inimica</span> <span class='ocrx_word' id='word_1_13' title='bbox 1465 711 1560 794; x_wconf 87' lang='lat' dir='ltr'>erat,</span> 
     </span>
     <span class='ocr_line' id='line_1_3' title="bbox 435 825 1565 922; baseline 0.001 -24"><span class='ocrx_word' id='word_1_14' title='bbox 435 835 529 898; x_wconf 85' lang='lat' dir='ltr'>natae</span> <span class='ocrx_word' id='word_1_15' title='bbox 556 834 640 898; x_wconf 83' lang='lat' dir='ltr'>sunt</span> <span class='ocrx_word' id='word_1_16' title='bbox 666 827 839 899; x_wconf 85' lang='lat' dir='ltr'>factiones</span> <span class='ocrx_word' id='word_1_17' title='bbox 861 851 869 899; x_wconf 91' lang='lat'>:</span> <span class='ocrx_word' id='word_1_18' title='bbox 892 835 1099 922; x_wconf 83' lang='lat' dir='ltr'>quanquam</span> <span class='ocrx_word' id='word_1_19' title='bbox 1125 826 1333 899; x_wconf 83' lang='lat' dir='ltr'>crediderim</span> <span class='ocrx_word' id='word_1_20' title='bbox 1356 825 1396 906; x_wconf 86' lang='lat' dir='ltr'>in</span> <span class='ocrx_word' id='word_1_21' title='bbox 1415 826 1565 899; x_wconf 85' lang='lat' dir='ltr'>diversis</span> 
     </span>
     <span class='ocr_line' id='line_1_4' title="bbox 434 948 1561 1046; baseline 0 -24"><span class='ocrx_word' id='word_1_22' title='bbox 434 948 602 1046; x_wconf 82' lang='lat' dir='ltr'><strong>Byzantii</strong></span> <span class='ocrx_word' id='word_1_23' title='bbox 641 949 845 1044; x_wconf 83' lang='lat' dir='ltr'>regionibus</span> <span class='ocrx_word' id='word_1_24' title='bbox 888 949 1069 1023; x_wconf 78' lang='lat' dir='ltr'>habitasse</span> <span class='ocrx_word' id='word_1_25' title='bbox 1107 950 1261 1022; x_wconf 88' lang='lat' dir='ltr'>Venetos</span> <span class='ocrx_word' id='word_1_26' title='bbox 1305 973 1346 1022; x_wconf 88' lang='lat' dir='ltr'>ac</span> <span class='ocrx_word' id='word_1_27' title='bbox 1381 949 1561 1042; x_wconf 89' lang='lat' dir='ltr'>Prasinos,</span> 
     </span>
     <span class='ocr_line' id='line_1_5' title="bbox 435 1073 1566 1171; baseline 0.001 -25"><span class='ocrx_word' id='word_1_28' title='bbox 435 1081 542 1168; x_wconf 87' lang='lat' dir='ltr'>atque</span> <span class='ocrx_word' id='word_1_29' title='bbox 565 1099 610 1146; x_wconf 80' lang='lat' dir='ltr'>ex</span> <span class='ocrx_word' id='word_1_30' title='bbox 626 1073 692 1145; x_wconf 92' lang='lat' dir='ltr'>illa</span> <span class='ocrx_word' id='word_1_31' title='bbox 717 1074 925 1148; x_wconf 86' lang='lat' dir='ltr'>diversitate</span> <span class='ocrx_word' id='word_1_32' title='bbox 946 1078 1130 1148; x_wconf 89' lang='lat' dir='ltr'>acerbatas</span> <span class='ocrx_word' id='word_1_33' title='bbox 1148 1074 1257 1146; x_wconf 91' lang='lat' dir='ltr'>etiam</span> <span class='ocrx_word' id='word_1_34' title='bbox 1275 1073 1384 1147; x_wconf 84' lang='lat' dir='ltr'>fuisse</span> <span class='ocrx_word' id='word_1_35' title='bbox 1404 1075 1566 1171; x_wconf 89' lang='lat' dir='ltr'>hippicas</span> 
     </span>
     <span class='ocr_line' id='line_1_6' title="bbox 432 1196 644 1269; baseline 0 -1"><span class='ocrx_word' id='word_1_36' title='bbox 432 1196 644 1269; x_wconf 90' lang='lat' dir='ltr'>simultates.</span> 
     </span>
    </p>

    <p class='ocr_par' dir='ltr' id='par_1_3' title="bbox 433 1320 1578 1667">
     <span class='ocr_line' id='line_1_7' title="bbox 481 1320 1566 1417; baseline 0.002 -25"><span class='ocrx_word' id='word_1_37' title='bbox 481 1320 526 1392; x_wconf 92' lang='lat' dir='ltr'>In</span> <span class='ocrx_word' id='word_1_38' title='bbox 562 1320 774 1394; x_wconf 69' lang='lat' dir='ltr'>Carrlnom&#39;r&#39;s</span> <span class='ocrx_word' id='word_1_39' title='bbox 797 1321 892 1393; x_wconf 91' lang='lat' dir='ltr'>enim</span> <span class='ocrx_word' id='word_1_40' title='bbox 925 1321 1056 1417; x_wconf 85' lang='lat' dir='ltr'>legitur</span> <span class='ocrx_word' id='word_1_41' title='bbox 1080 1323 1145 1394; x_wconf 91' lang='lat' dir='ltr'>sub</span> <span class='ocrx_word' id='word_1_42' title='bbox 1177 1321 1347 1417; x_wconf 91' lang='lat' dir='ltr'>cujusque</span> <span class='ocrx_word' id='word_1_43' title='bbox 1375 1322 1566 1395; x_wconf 89' lang='lat' dir='ltr'>Demarohi</span> 
     </span>
     <span class='ocr_line' id='line_1_8' title="bbox 433 1431 1578 1545; baseline 0.004 -31"><span class='ocrx_word' id='word_1_44' title='bbox 433 1443 665 1542; x_wconf 78' lang='lat' dir='ltr'>dispositione</span> <span class='ocrx_word' id='word_1_45' title='bbox 681 1457 888 1545; x_wconf 71' lang='grc' dir='ltr'><em>Γειτονιοὶρχας</em></span> <span class='ocrx_word' id='word_1_46' title='bbox 905 1444 1026 1518; x_wconf 85' lang='lat' dir='ltr'>fuisse.</span> <span class='ocrx_word' id='word_1_47' title='bbox 1044 1457 1173 1522; x_wconf 79' lang='grc' dir='ltr'>Γειτονία</span> <span class='ocrx_word' id='word_1_48' title='bbox 1189 1453 1320 1536; x_wconf 88' lang='lat' dir='ltr'>autem,</span> <span class='ocrx_word' id='word_1_49' title='bbox 1340 1445 1436 1542; x_wconf 84' lang='lat' dir='ltr'>regio</span> <span class='ocrx_word' id='word_1_50' title='bbox 1449 1431 1578 1536; x_wconf 73' lang='lat' dir='ltr'>urbis,</span> 
     </span>
     <span class='ocr_line' id='line_1_9' title="bbox 433 1565 965 1667; baseline 0.009 -31"><span class='ocrx_word' id='word_1_51' title='bbox 433 1565 555 1638; x_wconf 90' lang='lat' dir='ltr'>insula</span> <span class='ocrx_word' id='word_1_52' title='bbox 573 1592 636 1640; x_wconf 92' lang='lat' dir='ltr'>seu</span> <span class='ocrx_word' id='word_1_53' title='bbox 654 1568 789 1641; x_wconf 86' lang='lat' dir='ltr'>vicinia</span> <span class='ocrx_word' id='word_1_54' title='bbox 812 1567 861 1667; x_wconf 89' lang='lat' dir='ltr'>(r)</span> <span class='ocrx_word' id='word_1_55' title='bbox 882 1569 965 1641; x_wconf 84' lang='lat' dir='ltr'>fuit.</span> 
     </span>
    </p>

    <p class='ocr_par' dir='ltr' id='par_1_4' title="bbox 425 1690 1570 3632">
     <span class='ocr_line' id='line_1_10' title="bbox 480 1690 1562 1788; baseline 0.004 -27"><span class='ocrx_word' id='word_1_56' title='bbox 480 1690 648 1762; x_wconf 86' lang='lat' dir='ltr'>Testatur</span> <span class='ocrx_word' id='word_1_57' title='bbox 688 1691 922 1788; x_wconf 82' lang='lat' dir='ltr'>Theophanes</span> <span class='ocrx_word' id='word_1_58' title='bbox 967 1693 1153 1784; x_wconf 92' lang='lat' dir='ltr'>Prasinos,</span> <span class='ocrx_word' id='word_1_59' title='bbox 1194 1692 1301 1767; x_wconf 90' lang='lat' dir='ltr'>semel</span> <span class='ocrx_word' id='word_1_60' title='bbox 1339 1699 1375 1766; x_wconf 90' lang='lat' dir='ltr'>et</span> <span class='ocrx_word' id='word_1_61' title='bbox 1415 1692 1562 1783; x_wconf 92' lang='lat' dir='ltr'>iterum,</span> 
     </span>
     <span class='ocr_line' id='line_1_11' title="bbox 435 1814 1566 1913; baseline 0.003 -28"><span class='ocrx_word' id='word_1_62' title='bbox 435 1821 589 1886; x_wconf 90' lang='lat' dir='ltr'>armatos</span> <span class='ocrx_word' id='word_1_63' title='bbox 607 1814 646 1886; x_wconf 92' lang='lat' dir='ltr'>iu</span> <span class='ocrx_word' id='word_1_64' title='bbox 665 1816 884 1889; x_wconf 82' lang='lat' dir='ltr'>Venetorum</span> <span class='ocrx_word' id='word_1_65' title='bbox 898 1827 1034 1913; x_wconf 76' lang='grc' dir='ltr'><strong><em>γειτονίας</em></strong></span> <span class='ocrx_word' id='word_1_66' title='bbox 1052 1815 1235 1911; x_wconf 90' lang='lat' dir='ltr'>irrupisse,</span> <span class='ocrx_word' id='word_1_67' title='bbox 1263 1817 1467 1911; x_wconf 81' lang='lat' dir='ltr'>incolasque</span> <span class='ocrx_word' id='word_1_68' title='bbox 1492 1823 1566 1888; x_wconf 92' lang='lat' dir='ltr'>tru-</span> 
     </span>
     <span class='ocr_line' id='line_1_12' title="bbox 434 1923 1566 2033; baseline 0 -25"><span class='ocrx_word' id='word_1_69' title='bbox 434 1936 580 2027; x_wconf 86' lang='lat' dir='ltr'>cidasse,</span> <span class='ocrx_word' id='word_1_70' title='bbox 610 1937 801 2033; x_wconf 88' lang='lat' dir='ltr'>domosque</span> <span class='ocrx_word' id='word_1_71' title='bbox 821 1923 1020 2012; x_wconf 85' lang='lat' dir='ltr'>incendisse</span> <span class='ocrx_word' id='word_1_72' title='bbox 1027 1963 1038 2030; x_wconf 86' lang='lat'>;</span> <span class='ocrx_word' id='word_1_73' title='bbox 1068 1939 1235 2012; x_wconf 83' lang='lat' dir='ltr'>saeviente</span> <span class='ocrx_word' id='word_1_74' title='bbox 1262 1947 1381 2011; x_wconf 90' lang='lat' dir='ltr'>autem</span> <span class='ocrx_word' id='word_1_75' title='bbox 1410 1938 1449 2008; x_wconf 92' lang='lat' dir='ltr'>in</span> <span class='ocrx_word' id='word_1_76' title='bbox 1468 1935 1566 2033; x_wconf 90' lang='lat' dir='ltr'>pacis</span> 
     </span>
     <span class='ocr_line' id='line_1_13' title="bbox 437 2060 1566 2158; baseline 0 -27"><span class='ocrx_word' id='word_1_77' title='bbox 437 2061 702 2154; x_wconf 85' lang='lat' dir='ltr'>perturbatores</span> <span class='ocrx_word' id='word_1_78' title='bbox 726 2060 904 2157; x_wconf 76' lang='lat' dir='ltr'>Eparcho,</span> <span class='ocrx_word' id='word_1_79' title='bbox 939 2064 1093 2135; x_wconf 86' lang='lat' dir='ltr'>Venetos</span> <span class='ocrx_word' id='word_1_80' title='bbox 1119 2063 1164 2134; x_wconf 92' lang='lat' dir='ltr'>ad</span> <span class='ocrx_word' id='word_1_81' title='bbox 1185 2062 1378 2158; x_wconf 90' lang='lat' dir='ltr'>Deiparam</span> <span class='ocrx_word' id='word_1_82' title='bbox 1396 2061 1566 2133; x_wconf 91' lang='lat' dir='ltr'>Blacher-</span> 
     </span>
     <span class='ocr_line' id='line_1_14' title="bbox 437 2182 1568 2280; baseline 0 -27"><span class='ocrx_word' id='word_1_83' title='bbox 437 2205 592 2272; x_wconf 92' lang='lat' dir='ltr'>nensem,</span> <span class='ocrx_word' id='word_1_84' title='bbox 616 2183 783 2256; x_wconf 91' lang='lat' dir='ltr'>Prasinos</span> <span class='ocrx_word' id='word_1_85' title='bbox 804 2183 850 2256; x_wconf 93' lang='lat' dir='ltr'>ad</span> <span class='ocrx_word' id='word_1_86' title='bbox 869 2185 1037 2257; x_wconf 80' lang='lat' dir='ltr'>Sanctam</span> <span class='ocrx_word' id='word_1_87' title='bbox 1053 2185 1287 2280; x_wconf 86' lang='lat' dir='ltr'>Euphemiam</span> <span class='ocrx_word' id='word_1_88' title='bbox 1306 2182 1568 2259; x_wconf 86' lang='lat' dir='ltr'>Chalcedonen-</span> 
     </span>
     <span class='ocr_line' id='line_1_15' title="bbox 437 2305 1568 2404; baseline 0.001 -28"><span class='ocrx_word' id='word_1_89' title='bbox 437 2329 509 2377; x_wconf 91' lang='lat' dir='ltr'>sem</span> <span class='ocrx_word' id='word_1_90' title='bbox 524 2305 722 2400; x_wconf 83' lang='lat' dir='ltr'>confugisse</span> <span class='ocrx_word' id='word_1_91' title='bbox 745 2306 810 2404; x_wconf 83' lang='lat'><strong>(2).</strong></span> <span class='ocrx_word' id='word_1_92' title='bbox 832 2306 921 2379; x_wconf 92' lang='lat' dir='ltr'>lnde</span> <span class='ocrx_word' id='word_1_93' title='bbox 932 2316 1096 2403; x_wconf 90' lang='lat' dir='ltr'>putarem</span> <span class='ocrx_word' id='word_1_94' title='bbox 1110 2309 1276 2398; x_wconf 87' lang='lat' dir='ltr'>Venetos,</span> <span class='ocrx_word' id='word_1_95' title='bbox 1298 2308 1336 2380; x_wconf 93' lang='lat' dir='ltr'>in</span> <span class='ocrx_word' id='word_1_96' title='bbox 1356 2308 1465 2398; x_wconf 90' lang='lat' dir='ltr'>Urbe,</span> <span class='ocrx_word' id='word_1_97' title='bbox 1487 2305 1568 2378; x_wconf 81' lang='lat' dir='ltr'>Bla</span> 
     </span>
     <span class='ocr_line' id='line_1_16' title="bbox 438 2426 1568 2526; baseline 0.003 -27"><span class='ocrx_word' id='word_1_98' title='bbox 438 2426 578 2500; x_wconf 87' lang='lat' dir='ltr'>chernis</span> <span class='ocrx_word' id='word_1_99' title='bbox 611 2435 717 2523; x_wconf 87' lang='lat' dir='ltr'>atque</span> <span class='ocrx_word' id='word_1_100' title='bbox 737 2429 855 2501; x_wconf 83' lang='lat' dir='ltr'>Aureo</span> <span class='ocrx_word' id='word_1_101' title='bbox 880 2428 1014 2502; x_wconf 83' lang='lat' dir='ltr'>Cornui</span> <span class='ocrx_word' id='word_1_102' title='bbox 1032 2431 1224 2526; x_wconf 90' lang='lat' dir='ltr'>propiores,</span> <span class='ocrx_word' id='word_1_103' title='bbox 1252 2431 1418 2503; x_wconf 89' lang='lat' dir='ltr'>Prasinos</span> <span class='ocrx_word' id='word_1_104' title='bbox 1448 2438 1568 2502; x_wconf 92' lang='lat' dir='ltr'>autem</span> 
     </span>
     <span class='ocr_line' id='line_1_17' title="bbox 436 2549 1567 2650; baseline 0.004 -30"><span class='ocrx_word' id='word_1_105' title='bbox 436 2551 616 2644; x_wconf 87' lang='lat' dir='ltr'>proximas</span> <span class='ocrx_word' id='word_1_106' title='bbox 650 2549 867 2625; x_wconf 81' lang='lat' dir='ltr'>Chalcedcni</span> <span class='ocrx_word' id='word_1_107' title='bbox 898 2577 939 2626; x_wconf 91' lang='lat' dir='ltr'>ao</span> <span class='ocrx_word' id='word_1_108' title='bbox 976 2555 1131 2650; x_wconf 90' lang='lat' dir='ltr'>Bosporo</span> <span class='ocrx_word' id='word_1_109' title='bbox 1165 2553 1346 2649; x_wconf 75' lang='lat' dir='ltr'>mumsque</span> <span class='ocrx_word' id='word_1_110' title='bbox 1378 2552 1567 2625; x_wconf 85' lang='lat' dir='ltr'>maritimis</span> 
     </span>
     <span class='ocr_line' id='line_1_18' title="bbox 434 2673 1569 2772; baseline 0 -22"><span class='ocrx_word' id='word_1_111' title='bbox 434 2684 572 2772; x_wconf 80' lang='grc' dir='ltr'><em>γειτονίας</em></span> <span class='ocrx_word' id='word_1_112' title='bbox 599 2673 802 2747; x_wconf 90' lang='lat' dir='ltr'>incoluisse.</span> <span class='ocrx_word' id='word_1_113' title='bbox 836 2677 912 2749; x_wconf 91' lang='lat' dir='ltr'>lmo</span> <span class='ocrx_word' id='word_1_114' title='bbox 945 2701 1016 2749; x_wconf 88' lang='lat' dir='ltr'>non</span> <span class='ocrx_word' id='word_1_115' title='bbox 1047 2678 1085 2748; x_wconf 93' lang='lat' dir='ltr'>in</span> <span class='ocrx_word' id='word_1_116' title='bbox 1110 2677 1188 2772; x_wconf 91' lang='lat' dir='ltr'>ipsa</span> <span class='ocrx_word' id='word_1_117' title='bbox 1206 2678 1304 2749; x_wconf 91' lang='lat' dir='ltr'>Urbe</span> <span class='ocrx_word' id='word_1_118' title='bbox 1322 2675 1494 2770; x_wconf 89' lang='lat' dir='ltr'>majorem</span> <span class='ocrx_word' id='word_1_119' title='bbox 1511 2693 1569 2752; x_wconf 81' lang='grc' dir='ltr'>τῶν</span> 
     </span>
     <span class='ocr_line' id='line_1_19' title="bbox 434 2796 1569 2895; baseline -0.002 -23"><span class='ocrx_word' id='word_1_120' title='bbox 434 2802 564 2895; x_wconf 72' lang='grc' dir='ltr'><em>δημοτῶν</em></span> <span class='ocrx_word' id='word_1_121' title='bbox 589 2805 728 2892; x_wconf 88' lang='lat' dir='ltr'>partem</span> <span class='ocrx_word' id='word_1_122' title='bbox 760 2798 959 2893; x_wconf 73' lang='lat' dir='ltr'>habitasse,</span> <span class='ocrx_word' id='word_1_123' title='bbox 1001 2799 1061 2871; x_wconf 93' lang='lat' dir='ltr'>sed</span> <span class='ocrx_word' id='word_1_124' title='bbox 1098 2800 1263 2889; x_wconf 87' lang='lat' dir='ltr'>Venetos,</span> <span class='ocrx_word' id='word_1_125' title='bbox 1277 2796 1385 2870; x_wconf 86' lang='lat' dir='ltr'>ultra</span> <span class='ocrx_word' id='word_1_126' title='bbox 1409 2800 1569 2872; x_wconf 82' lang='lat' dir='ltr'>Aureum</span> 
     </span>
     <span class='ocr_line' id='line_1_20' title="bbox 436 2918 1565 3011; baseline -0.001 -19"><span class='ocrx_word' id='word_1_127' title='bbox 436 2919 570 3010; x_wconf 81' lang='lat' dir='ltr'>Cornu,</span> <span class='ocrx_word' id='word_1_128' title='bbox 592 2919 630 2991; x_wconf 91' lang='lat' dir='ltr'>in</span> <span class='ocrx_word' id='word_1_129' title='bbox 656 2920 747 2991; x_wconf 91' lang='lat' dir='ltr'>Pera</span> <span class='ocrx_word' id='word_1_130' title='bbox 770 2927 807 2992; x_wconf 92' lang='lat' dir='ltr'>et</span> <span class='ocrx_word' id='word_1_131' title='bbox 839 2918 969 2992; x_wconf 87' lang='lat' dir='ltr'>Galata</span> <span class='ocrx_word' id='word_1_132' title='bbox 1005 2921 1184 2993; x_wconf 91' lang='lat' dir='ltr'>suburbiis</span> <span class='ocrx_word' id='word_1_133' title='bbox 1192 2945 1202 3011; x_wconf 83' lang='lat'>3</span> <span class='ocrx_word' id='word_1_134' title='bbox 1232 2920 1400 2993; x_wconf 90' lang='lat' dir='ltr'>Prasinos</span> <span class='ocrx_word' id='word_1_135' title='bbox 1433 2928 1565 3009; x_wconf 90' lang='lat' dir='ltr'>autem,</span> 
     </span>
     <span class='ocr_line' id='line_1_21' title="bbox 435 3042 1570 3140; baseline 0 -25"><span class='ocrx_word' id='word_1_136' title='bbox 435 3045 534 3115; x_wconf 92' lang='lat' dir='ltr'>ultra</span> <span class='ocrx_word' id='word_1_137' title='bbox 561 3045 768 3140; x_wconf 80' lang='lat' dir='ltr'>Bosporum,</span> <span class='ocrx_word' id='word_1_138' title='bbox 795 3042 1018 3116; x_wconf 85' lang='lat' dir='ltr'>Chalcedone</span> <span class='ocrx_word' id='word_1_139' title='bbox 1039 3045 1132 3116; x_wconf 90' lang='lat' dir='ltr'>etin</span> <span class='ocrx_word' id='word_1_140' title='bbox 1151 3043 1308 3116; x_wconf 85' lang='lat' dir='ltr'>Asiatico</span> <span class='ocrx_word' id='word_1_141' title='bbox 1329 3043 1434 3118; x_wconf 81' lang='lat' dir='ltr'>Stem&#39;</span> <span class='ocrx_word' id='word_1_142' title='bbox 1449 3043 1570 3115; x_wconf 83' lang='lat' dir='ltr'>littore</span> 
     </span>
     <span class='ocr_line' id='line_1_22' title="bbox 439 3165 1566 3261; baseline 0 -23"><span class='ocrx_word' id='word_1_143' title='bbox 439 3167 563 3240; x_wconf 92' lang='lat' dir='ltr'>domus</span> <span class='ocrx_word' id='word_1_144' title='bbox 582 3167 750 3240; x_wconf 90' lang='lat' dir='ltr'>habuisse</span> <span class='ocrx_word' id='word_1_145' title='bbox 772 3166 979 3239; x_wconf 88' lang='lat' dir='ltr'>arbitrarer.</span> <span class='ocrx_word' id='word_1_146' title='bbox 992 3167 1155 3261; x_wconf 87' lang='lat' dir='ltr'>Utraque</span> <span class='ocrx_word' id='word_1_147' title='bbox 1173 3165 1282 3238; x_wconf 85' lang='lat' dir='ltr'>factio</span> <span class='ocrx_word' id='word_1_148' title='bbox 1301 3174 1379 3239; x_wconf 88' lang='lat' dir='ltr'>tum</span> <span class='ocrx_word' id='word_1_149' title='bbox 1398 3166 1437 3238; x_wconf 93' lang='lat' dir='ltr'>in</span> <span class='ocrx_word' id='word_1_150' title='bbox 1456 3166 1566 3254; x_wconf 90' lang='lat' dir='ltr'>Urbe,</span> 
     </span>
     <span class='ocr_line' id='line_1_23' title="bbox 438 3287 1570 3378; baseline 0 -18"><span class='ocrx_word' id='word_1_151' title='bbox 438 3297 516 3361; x_wconf 91' lang='lat' dir='ltr'>tum</span> <span class='ocrx_word' id='word_1_152' title='bbox 535 3290 573 3361; x_wconf 91' lang='lat' dir='ltr'>in</span> <span class='ocrx_word' id='word_1_153' title='bbox 589 3289 782 3378; x_wconf 90' lang='lat' dir='ltr'>suburbiis,</span> <span class='ocrx_word' id='word_1_154' title='bbox 805 3312 885 3360; x_wconf 92' lang='lat' dir='ltr'>suos</span> <span class='ocrx_word' id='word_1_155' title='bbox 899 3287 1058 3360; x_wconf 89' lang='lat' dir='ltr'>fautores</span> <span class='ocrx_word' id='word_1_156' title='bbox 1069 3287 1244 3378; x_wconf 85' lang='lat' dir='ltr'>habebat;</span> <span class='ocrx_word' id='word_1_157' title='bbox 1267 3289 1305 3360; x_wconf 96' lang='lat' dir='ltr'>in</span> <span class='ocrx_word' id='word_1_158' title='bbox 1319 3288 1570 3362; x_wconf 90' lang='lat' dir='ltr'>transmarinis</span> 
     </span>
     <span class='ocr_line' id='line_1_24' title="bbox 425 3410 1570 3508; baseline -0.005 -18"><span class='ocrx_word' id='word_1_159' title='bbox 425 3421 571 3502; x_wconf 75' lang='lat' dir='ltr'>tamen,</span> <span class='ocrx_word' id='word_1_160' title='bbox 596 3419 676 3503; x_wconf 91' lang='lat' dir='ltr'>aut,</span> <span class='ocrx_word' id='word_1_161' title='bbox 697 3418 740 3484; x_wconf 86' lang='lat' dir='ltr'>ut</span> <span class='ocrx_word' id='word_1_162' title='bbox 759 3410 939 3503; x_wconf 88' lang='lat' dir='ltr'>dicebant,</span> <span class='ocrx_word' id='word_1_163' title='bbox 964 3438 981 3481; x_wconf 83' lang='lat' dir='ltr'>c</span> <span class='ocrx_word' id='word_1_164' title='bbox 991 3411 1185 3508; x_wconf 68' lang='lat' dir='ltr'>paraticas»</span> <span class='ocrx_word' id='word_1_165' title='bbox 1215 3411 1378 3507; x_wconf 91' lang='lat' dir='ltr'>partibus</span> <span class='ocrx_word' id='word_1_166' title='bbox 1415 3411 1570 3485; x_wconf 87' lang='lat' dir='ltr'>validior</span> 
     </span>
     <span class='ocr_line' id='line_1_25' title="bbox 439 3535 596 3632; baseline 0.006 -24"><span class='ocrx_word' id='word_1_167' title='bbox 439 3535 596 3632; x_wconf 85' lang='lat' dir='ltr'>vigebat.</span> 
     </span>
    </p>

    <p class='ocr_par' dir='ltr' id='par_1_5' title="bbox 438 3657 1593 4128">
     <span class='ocr_line' id='line_1_26' title="bbox 487 3657 1569 3758; baseline -0.005 -25"><span class='ocrx_word' id='word_1_168' title='bbox 487 3661 593 3734; x_wconf 84' lang='lat' dir='ltr'>Anno</span> <span class='ocrx_word' id='word_1_169' title='bbox 610 3658 692 3758; x_wconf 82' lang='lat'>559,</span> <span class='ocrx_word' id='word_1_170' title='bbox 710 3658 838 3733; x_wconf 86' lang='lat' dir='ltr'>Veneti</span> <span class='ocrx_word' id='word_1_171' title='bbox 851 3657 970 3732; x_wconf 87' lang='lat' dir='ltr'>Cornu</span> <span class='ocrx_word' id='word_1_172' title='bbox 991 3660 1150 3731; x_wconf 84' lang='lat' dir='ltr'>Aureum</span> <span class='ocrx_word' id='word_1_173' title='bbox 1171 3659 1266 3755; x_wconf 91' lang='lat' dir='ltr'>apud</span> <span class='ocrx_word' id='word_1_174' title='bbox 1286 3658 1569 3755; x_wconf 84' lang='lat' dir='ltr'>Syoaspertran-</span> 
     </span>
     <span class='ocr_line' id='line_1_27' title="bbox 438 3769 1569 3883; baseline 0 -26"><span class='ocrx_word' id='word_1_175' title='bbox 438 3784 528 3858; x_wconf 92' lang='lat' dir='ltr'>siere</span> <span class='ocrx_word' id='word_1_176' title='bbox 546 3791 583 3856; x_wconf 89' lang='lat' dir='ltr'>et</span> <span class='ocrx_word' id='word_1_177' title='bbox 600 3783 789 3857; x_wconf 86' lang='lat' dir='ltr'>maritimis</span> <span class='ocrx_word' id='word_1_178' title='bbox 810 3782 1108 3875; x_wconf 88' lang='lat' dir='ltr'>armamentariis,</span> <span class='ocrx_word' id='word_1_179' title='bbox 1131 3791 1378 3883; x_wconf 64' lang='grc' dir='ltr'>παραθαὶασσιόις</span> <span class='ocrx_word' id='word_1_180' title='bbox 1398 3769 1569 3873; x_wconf 67' lang='lat' dir='ltr'>acclama,</span> 
     </span>
     <span class='ocr_line' id='line_1_28' title="bbox 438 3905 1593 4004; baseline -0.003 -25"><span class='ocrx_word' id='word_1_181' title='bbox 438 3907 644 3982; x_wconf 87' lang='lat' dir='ltr'>incendium</span> <span class='ocrx_word' id='word_1_182' title='bbox 662 3909 860 3982; x_wconf 89' lang='lat' dir='ltr'>machinati</span> <span class='ocrx_word' id='word_1_183' title='bbox 879 3916 984 3981; x_wconf 92' lang='lat' dir='ltr'>sunt:</span> <span class='ocrx_word' id='word_1_184' title='bbox 1007 3909 1161 4004; x_wconf 92' lang='lat' dir='ltr'>indeque</span> <span class='ocrx_word' id='word_1_185' title='bbox 1174 3908 1326 3980; x_wconf 87' lang='lat' dir='ltr'>fiammae</span> <span class='ocrx_word' id='word_1_186' title='bbox 1342 3916 1448 4004; x_wconf 90' lang='lat' dir='ltr'>atque</span> <span class='ocrx_word' id='word_1_187' title='bbox 1462 3905 1571 3980; x_wconf 85' lang='lat' dir='ltr'>caedes</span> <span class='ocrx_word' id='word_1_188' title='bbox 1592 3969 1593 3974; x_wconf 74' lang='grc'>,</span> 
     </span>
     <span class='ocr_line' id='line_1_29' title="bbox 439 4030 1571 4128; baseline -0.006 -22"><span class='ocrx_word' id='word_1_189' title='bbox 439 4055 503 4126; x_wconf 88' lang='lat' dir='ltr'>per</span> <span class='ocrx_word' id='word_1_190' title='bbox 528 4032 703 4128; x_wconf 89' lang='lat' dir='ltr'>reliquam</span> <span class='ocrx_word' id='word_1_191' title='bbox 733 4034 859 4107; x_wconf 89' lang='lat' dir='ltr'>urbem</span> <span class='ocrx_word' id='word_1_192' title='bbox 886 4039 1055 4128; x_wconf 81' lang='lat' dir='ltr'>grassata</span> <span class='ocrx_word' id='word_1_193' title='bbox 1090 4030 1156 4127; x_wconf 80' lang='lat'>(3).</span> <span class='ocrx_word' id='word_1_194' title='bbox 1192 4032 1321 4105; x_wconf 85' lang='lat' dir='ltr'>Veneti</span> <span class='ocrx_word' id='word_1_195' title='bbox 1348 4031 1471 4128; x_wconf 84' lang='lat' dir='ltr'>igitur,</span> <span class='ocrx_word' id='word_1_196' title='bbox 1508 4035 1571 4100; x_wconf 91' lang='lat' dir='ltr'>aut</span> 
     </span>
    </p>
   </div>
   <div class='ocr_carea' id='block_1_3' title="bbox 476 4355 1580 4597">
    <p class='ocr_par' dir='ltr' id='par_1_6' title="bbox 476 4355 1580 4597">
     <span class='ocr_line' id='line_1_30' title="bbox 476 4355 1340 4430; baseline -0.007 -14"><span class='ocrx_word' id='word_1_197' title='bbox 476 4359 512 4428; x_wconf 85' lang='lat' dir='ltr'>(l)</span> <span class='ocrx_word' id='word_1_198' title='bbox 529 4363 639 4419; x_wconf 72' lang='lat' dir='ltr'>carim.</span> <span class='ocrx_word' id='word_1_199' title='bbox 653 4359 687 4426; x_wconf 91' lang='lat' dir='ltr'>ll,</span> <span class='ocrx_word' id='word_1_200' title='bbox 704 4356 748 4421; x_wconf 75' lang='lat'>5⁶2,</span> <span class='ocrx_word' id='word_1_201' title='bbox 762 4375 790 4430; x_wconf 90' lang='lat' dir='ltr'>p.</span> <span class='ocrx_word' id='word_1_202' title='bbox 810 4357 872 4421; x_wconf 79' lang='lat'>7‘20,</span> <span class='ocrx_word' id='word_1_203' title='bbox 885 4355 948 4423; x_wconf 76' lang='lat'>738,</span> <span class='ocrx_word' id='word_1_204' title='bbox 964 4355 1025 4420; x_wconf 72' lang='lat'>772,</span> <span class='ocrx_word' id='word_1_205' title='bbox 1041 4355 1158 4428; x_wconf 74' lang='lat'>799311,</span> <span class='ocrx_word' id='word_1_206' title='bbox 1173 4355 1217 4424; x_wconf 85' lang='grc'>56,</span> <span class='ocrx_word' id='word_1_207' title='bbox 1233 4373 1261 4426; x_wconf 81' lang='lat' dir='ltr'>p.</span> <span class='ocrx_word' id='word_1_208' title='bbox 1277 4356 1340 4414; x_wconf 87' lang='lat'><strong>803.</strong></span> 
     </span>
     <span class='ocr_line' id='line_1_31' title="bbox 476 4438 1451 4513; baseline -0.006 -16"><span class='ocrx_word' id='word_1_209' title='bbox 476 4442 511 4510; x_wconf 75' lang='lat' dir='ltr'>(a)</span> <span class='ocrx_word' id='word_1_210' title='bbox 525 4442 653 4512; x_wconf 86' lang='lat' dir='ltr'>Theoph.</span> <span class='ocrx_word' id='word_1_211' title='bbox 669 4458 694 4497; x_wconf 90' lang='lat' dir='ltr'>a.</span> <span class='ocrx_word' id='word_1_212' title='bbox 709 4440 788 4511; x_wconf 80' lang='grc'><strong>6054,</strong></span> <span class='ocrx_word' id='word_1_213' title='bbox 804 4457 832 4513; x_wconf 93' lang='lat' dir='ltr'>p.</span> <span class='ocrx_word' id='word_1_214' title='bbox 848 4438 910 4496; x_wconf 85' lang='grc'><strong>365.</strong></span> <span class='ocrx_word' id='word_1_215' title='bbox 1449 4499 1451 4504; x_wconf 15' lang='grc' dir='ltr'><em>Α</em></span> 
     </span>
     <span class='ocr_line' id='line_1_32' title="bbox 476 4522 1580 4597; baseline -0.001 -16"><span class='ocrx_word' id='word_1_216' title='bbox 476 4525 511 4596; x_wconf 76' lang='grc'>(3)</span> <span class='ocrx_word' id='word_1_217' title='bbox 524 4524 649 4592; x_wconf 82' lang='lat' dir='ltr'>Malalas,</span> <span class='ocrx_word' id='word_1_218' title='bbox 665 4541 692 4597; x_wconf 90' lang='lat' dir='ltr'>p.</span> <span class='ocrx_word' id='word_1_219' title='bbox 712 4525 773 4582; x_wconf 75' lang='lat'><strong>490.</strong></span> <span class='ocrx_word' id='word_1_220' title='bbox 792 4557 820 4568; x_wconf 86' lang='lat'>·-</span> <span class='ocrx_word' id='word_1_221' title='bbox 836 4525 876 4581; x_wconf 85' lang='lat' dir='ltr'>De</span> <span class='ocrx_word' id='word_1_222' title='bbox 889 4523 978 4597; x_wconf 80' lang='lat' dir='ltr'>sycis,</span> <span class='ocrx_word' id='word_1_223' title='bbox 997 4523 1057 4580; x_wconf 87' lang='lat' dir='ltr'>sive</span> <span class='ocrx_word' id='word_1_224' title='bbox 1071 4522 1178 4594; x_wconf 82' lang='lat' dir='ltr'>Galata,</span> <span class='ocrx_word' id='word_1_225' title='bbox 1196 4524 1275 4596; x_wconf 72' lang='lat' dir='ltr'>Glp.</span> <span class='ocrx_word' id='word_1_226' title='bbox 1291 4524 1333 4595; x_wconf 75' lang='lat'>45,</span> <span class='ocrx_word' id='word_1_227' title='bbox 1348 4541 1378 4580; x_wconf 92' lang='lat' dir='ltr'>n.</span> <span class='ocrx_word' id='word_1_228' title='bbox 1394 4524 1420 4580; x_wconf 69' lang='lat'>2.</span> <span class='ocrx_word' id='word_1_229' title='bbox 1575 4551 1580 4558; x_wconf 93' lang='lat'><strong>·</strong></span> 
     </span>
    </p>
   </div>
   <div class='ocr_carea' id='block_1_4' title="bbox 770 4656 786 4712">
    <p class='ocr_par' dir='ltr' id='par_1_7' title="bbox 770 4656 786 4712">
     <span class='ocr_line' id='line_1_33' title="bbox 770 4656 786 4712; baseline 0 0"><span class='ocrx_word' id='word_1_230' title='bbox 770 4656 786 4712; x_wconf 72' lang='lat' dir='ltr'>r</span> 
     </span>
    </p>
   </div>
   <div class='ocr_carea' id='block_1_5' title="bbox 0 0 1825 5660">
    <p class='ocr_par' dir='ltr' id='par_1_8' title="bbox 0 0 1825 5660">
     <span class='ocr_line' id='line_1_34' title="bbox 0 0 1825 5660; baseline 0 0"><span class='ocrx_word' id='word_1_231' title='bbox 0 0 1825 5660; x_wconf 95' lang='lat' dir='ltr'> </span> 
     </span>
    </p>
   </div>
  </div>
 </body>
</html>
