3630 5660
675 503 898 560 naumurum.
1331 489 1353 560 3

223 630 303 706 tuln
322 630 361 704 in
380 629 525 706 modum
543 629 691 726 pistrini
716 633 961 723 excavnbant,
990 655 1205 708 marmoreas
1227 635 1358 708 colum.-

224 777 290 830 uas
309 753 348 826 in
367 753 578 830 balneorum
596 753 805 849 pavimenta
825 777 922 826 serra
936 755 1130 829 secabant:
1149 755 1358 850 magnificus

224 876 287 951 ille
298 875 562 970 Hippodromus
579 899 643 971 pro
654 875 859 971 lapicidinis
879 899 921 950 ac
937 875 1062 951 fodina
1071 899 1269 952 marmorea
1279 880 1358 952 bar-

224 999 321 1076 baris
339 1000 542 1076 habebatur
564 999 630 1097 (ι).
659 999 852 1095 Lacrymas
870 998 973 1073 modo
993 1023 1065 1074 non
1084 1003 1231 1076 tenebat
1249 1000 1359 1076 Galli-

223 1148 286 1197 cus
311 1125 442 1198 artium
469 1132 618 1199 amator.
650 1122 724 1198 Nec
745 1121 868 1216 jacens
887 1123 925 1196 in
945 1123 1135 1198 ruderibus
1153 1124 1356 1220 Hippodro-

224 1271 304 1322 mus
327 1247 441 1342 magis
467 1247 573 1320 illum
595 1247 752 1341 angebat
779 1269 888 1341 quam
914 1245 1106 1340 profanata
1140 1247 1284 1322 rudera.
1313 1247 1356 1322 In

225 1369 391 1446 manibus
428 1369 596 1442 versabat
628 1391 776 1440 aureum
810 1367 991 1462 quoddam
1017 1369 1211 1460 nomisma,
1255 1369 1357 1464 cujus

224 1493 263 1567 iu
288 1515 363 1564 una
389 1490 480 1564 facie
507 1490 734 1586 triumphans
761 1489 799 1562 in
819 1489 1063 1584 Hippodromo
1089 1492 1132 1566 de
1157 1493 1358 1568 Vandalico

225 1637 306 1709 rege
321 1614 515 1688 Belisarius
530 1622 567 1686 et
586 1637 607 1695 a
627 1612 834 1687 Justiniano
861 1613 1046 1708 splendide
1069 1624 1238 1712 exceptus
1258 1618 1358 1690 effin-

225 1738 390 1832 gebatur,
418 1735 457 1810 in
490 1737 605 1810 altera
630 1736 802 1831 scriptum
833 1734 1063 1831 fueratque
1093 1763 1179 1812 sane
1206 1740 1360 1814 amarior·
1476 1783 1482 1800 „

227 1867 413 1955 appareret
431 1859 497 1932 illa
515 1860 758 1936 Romanarum
777 1881 896 1936 rerum
924 1858 1132 1936 deformitas
1156 1871 1193 1936 et
1217 1861 1326 1936 ruina
1348 1887 1356 1934 z

229 2010 246 2052 u
268 1981 391 2058 Gloria
409 1982 687 2062 Romanorum»
715 1979 778 2078 (2).

277 2116 345 2190 Sed
364 2125 527 2192 taceatur
545 2116 588 2190 de
607 2139 739 2212 magna
757 2113 823 2187 illa
841 2114 1090 2210 quintidecimi
1109 2118 1358 2212 sacculiruina,

226 2265 305 2336 qum
340 2240 459 2338 Gyllio
488 2239 603 2336 frigus
640 2239 828 2334 injiciebat
867 2237 919 2334 (3)
958 2260 965 2310 :
1008 2238 1052 2310 ad
1083 2239 1284 2313 Justiniani
1321 2251 1358 2316 et

226 2362 386 2437 Heraclii
405 2372 566 2459 tempora
584 2347 837 2456 remigremus3
859 2361 1005 2455 fugiant
1020 2362 1082 2435 isti
1096 2365 1254 2454 barbari,
1274 2389 1362 2460 quos

226 2487 399 2584 equestris
429 2487 496 2568 illa
524 2485 725 2559 Justiniani
753 2485 908 2578 Augusti
939 2493 1072 2576 statua,
1107 2486 1293 2582 magnifice
1320 2489 1358 2562 in
1386 2578 1392 2589 ι

225 2611 302 2684 soro
330 2603 559 2706 Augusteone
577 2607 706 2706 posita,
729 2631 841 2680 mauu
859 2631 934 2680 una
952 2608 1078 2681 mundi
1102 2609 1263 2682 universi
1290 2610 1362 2706 glo·

226 2736 312 2809 bum
326 2743 464 2825 tenens,
485 2736 599 2807 altera
609 2732 749 2808 Orienti
762 2733 987 2806 minabunda
1005 2732 1052 2830 (Δ)
1059 2733 1179 2824 ,ultra
1201 2735 1361 2832 Euphra-

176 2840 180 2848 ’
227 2865 299 2926 tem
319 2857 500 2927 continere
520 2863 583 2926 aut
601 2857 772 2948 repellere
791 2856 989 2946 debuisset;
1018 2880 1039 2928 e
1061 2858 1210 2952 pulvere
1235 2883 1359 2932 exsur-

228 2982 317 3070 gant
347 2975 429 3046 altae
451 2975 625 3046 columnae
632 2998 643 3064 ;
676 2984 875 3068 exsurgant
902 2979 1090 3049 marmorei
1119 2977 1168 3075 (ὅ)
1197 2980 1360 3075 ingentes

230 3097 376 3195 padus,
409 3095 572 3170 redivivo
600 3094 736 3191 Populo
745 3094 844 3194 “Regi
877 3096 1064 3191 splendida
1096 3098 1248 3193 sedilia3
1276 3101 1362 3177 hinc

227 3225 324 3298 flava
351 3247 473 3313 crena,
503 3222 646 3295 cedrino
674 3223 822 3317 pulvere
847 3221 975 3312 mixta,
1002 3221 1086 3296 solis
1109 3225 1221 3299 radiis
1241 3251 1359 3324 reper-

226 3368 330 3423 cusso
354 3347 559 3452 splendeat,
582 3346 800 3441 floribusque
821 3347 865 3417 ab
885 3345 1047 3441 Eparcho
1060 3346 1113 3444 (id
1126 3356 1180 3421 est
1189 3349 1360 3424 Praefecto

226 3471 327 3566 Urbi)
346 3494 467 3544 recens
481 3491 668 3565 conspersa
682 3468 858 3561 redoleat3
875 3469 1156 3566 immensumque
1170 3495 1275 3568 super
1287 3473 1361 3550 Cir·

227 3729 228 3732 *
262 3709 298 3780 (1)
309 3708 415 3767 Eodem
433 3709 490 3768 fere
508 3709 594 3768 modo
615 3709 646 3766 in
659 3715 741 3768 sexto
756 3707 868 3766 decimo
881 3706 969 3764 etiam
987 3709 1094 3767 saeculo
1112 3709 1259 3784 agebatur.
1274 3713 1361 3772 Hum-

226 3809 299 3862 mer,
312 3809 342 3867 p.
357 3793 418 3851 129.

261 3877 297 3947 (2)
311 3876 427 3951 Gyllius,
443 3878 520 3952 apud
532 3877 718 3948 concurrum,
733 3878 752 3936 1.
767 3877 801 3948 11,
816 3893 841 3934 c.
859 3877 949 3935 11-13.

263 3963 299 4035 (3)
321 3986 335 4015 α
353 3962 435 4020 Nunc
453 3981 521 4022 uero
541 3965 638 4024 Circus
657 3963 991 4037 constantinopolitanus
1013 3962 1106 4038 friget,
1127 3965 1263 4025 omuibus
1276 3983 1359 4026 orna·

226 4050 333 4108 mentis
348 4049 497 4123 spoliatus.
513 4072 526 4100 n

262 4136 298 4203 (1)
315 4135 476 4209 Procopius,
500 4136 533 4191 de
549 4137 633 4206 AEdif.
653 4136 673 4203 1,
696 4135 722 4202 2,
738 4153 766 4208 p.
784 4135 844 4193 181.
867 4167 897 4176 -
921 4135 1077 4201 cedrenus,
1098 4141 1120 4192 t.
1140 4134 1161 4201 1,
1183 4151 1211 4208 p.
1230 4135 1294 4194 656.
1326 4169 1356 4182 -

226 4219 360 4290 Gadium,
383 4225 416 4277 de
433 4223 603 4292 Originibus.
620 4250 656 4263 —-
674 4223 850 4294 Anonymus,
874 4236 920 4293 ap.
940 4219 1127 4286 Remurium,
1143 4228 1164 4277 t.
1182 4220 1203 4287 1,
1220 4239 1248 4294 p.
1266 4221 1309 4288 ta,
1327 4254 1356 4264 -

225 4305 359 4376 Georgius
376 4304 576 4379 Pachymeres,
594 4305 751 4375 Descriptio
769 4307 965 4374 Aupusteonu,
982 4303 1050 4360 ibid.
1066 4321 1093 4376 p.
1112 4304 1171 4360 tib.
1190 4305 1357 4378 -diylline
1429 4320 1432 4330 ¹

226 4389 244 4445 1.
262 4389 294 4453 11,
310 4407 335 4445 c.
351 4393 392 4455 17,
409 4410 436 4466 p.
455 4392 517 4449 381.
531 4424 560 4432 -
578 4391 705 4454 Labarte,
723 4407 750 4462 p.
768 4389 860 4444 35-36.

262 4475 298 4541 (i)
314 4473 457 4558 tinuimus,
474 4493 502 4547 p.
521 4476 581 4532 129.
