3630 5658
428 571 475 664 94
707 587 752 637 nn
779 584 1009 638 craonnsmos
1034 581 1278 636 rncmomnus.

478 713 656 788 Oaeterum
687 710 757 782 duo
789 716 932 782 tantum
960 715 1145 782 maistores
1169 708 1209 780 in
1231 731 1375 804 quaque
1405 705 1563 780 faotione

429 834 679 931 exstiterunt(
703 833 731 930 ).

417 1131 423 1144 ’
476 1131 541 1204 VI.
563 1173 612 1184 -
636 1110 804 1219 10⁰,'⁵11⁰.
826 1124 944 1198 Poetae
963 1122 1115 1198 officium
1139 1129 1217 1197 erat
1239 1147 1375 1214 versus,
1405 1125 1467 1221 qui
1495 1132 1559 1197 aut

430 1256 468 1329 in
488 1260 699 1348 magnatum
717 1273 839 1322 recens
855 1255 1096 1344 promotorum
1120 1248 1290 1319 honorem
1318 1247 1564 1319 recitabantur

432 1386 496 1456 aut
519 1370 732 1470 Imperatori
765 1372 803 1442 in
831 1369 1100 1464 exceptionibus
1128 1370 1203 1441 sive
1234 1373 1367 1466 ἑκδοχαῖς
1395 1370 1563 1442 decanta-

430 1503 577 1588 bantur,
619 1497 793 1586 scribere3
832 1483 957 1567 mutari
981 1501 1044 1565 aut
1067 1492 1226 1585 moletto,
1243 1529 1248 1534 ¹
1263 1493 1410 1588 scriptos
1442 1517 1565 1566 versus

431 1621 649 1720 symphoniae
670 1618 944 1692 accommodare.

397 1759 400 1768 ’
480 1760 629 1832 Illorum
676 1763 863 1851 poetarum
910 1753 1027 1826 nescio
1072 1777 1119 1824 an
1162 1752 1264 1825 ullus
1300 1776 1423 1825 versus
1470 1776 1566 1824 nunc

432 1881 597 1976 supersit.
629 1879 826 1952 Mediocres
852 1884 946 1948 certe
977 1900 1100 1949 versus
1123 1875 1242 1966 fuere,
1265 1884 1307 1947 ut
1326 1900 1413 1971 quos
1442 1876 1566 1948 aulicae

431 2005 557 2093 Musae,
578 2003 693 2098 poetis
711 2025 791 2072 raro
812 2000 989 2090 secundae,
1009 1998 1239 2071 dictaverint.
1263 1999 1360 2095 Saepe
1384 2005 1566 2093 extempo-

431 2150 581 2200 raneum
617 2148 775 2215 carmen,
808 2125 847 2196 in
877 2147 998 2196 recens
1021 2123 1173 2218 promoti
1203 2122 1362 2194 officialis
1380 2122 1564 2213 honorem,

432 2250 708 2346 requirebatur:
740 2257 777 2319 at
800 2272 911 2342 quum
929 2248 1001 2318 illae
1030 2268 1150 2318 omnes
1175 2246 1363 2319 cantilenae
1382 2247 1476 2319 idem
1492 2248 1567 2318 fere

433 2375 621 2461 sonabant,
654 2371 747 2442 nihil
773 2394 888 2465 prope
912 2371 950 2441 in
981 2370 1159 2443 consuetis
1190 2370 1354 2442 formulis
1383 2370 1452 2441 nisi
1482 2369 1566 2442 novi

432 2495 576 2592 patricii
609 2501 671 2566 aut
694 2493 914 2588 proconsulis
946 2516 1073 2565 nomen
1102 2493 1316 2564 mutandum
1335 2499 1424 2564 erat.
1449 2491 1567 2578 Quum

433 2618 528 2690 enim
546 2617 719 2713 patricius
739 2620 783 2688 ab
803 2619 1021 2712 Imperatore
1035 2617 1195 2690 balteum
1211 2624 1275 2688 aut
1293 2615 1441 2705 codices,
1465 2640 1581 2697 novae

434 2740 624 2835 dignitatis
640 2739 812 2834 insignia,
829 2738 1032 2833 accepisset,
1055 2766 1072 2808 a
1092 2736 1380 2812 Goerr'raom'arum
1398 2739 1568 2836 hlopziter

434 2889 555 2939 recens
573 2864 725 2960 promoti
741 2887 873 2940 nomen
886 2863 1104 2936 factionibus
1118 2865 1210 2942 olam
1230 2863 1372 2936 dicebat
1390 2888 1397 2935 :
1420 2865 1475 2935 hae
1495 2863 1568 2934 abi-

434 2996 525 3064 bant
535 2999 571 3065 et
583 2991 756 3079 carmina,
779 3014 857 3086 quae
875 2998 1035 3085 promoto
1051 2989 1165 3062 accini
1182 2989 1356 3078 solebant,
1374 2988 1567 3092 secuncium

438 3139 565 3189 nomen
580 3113 656 3208 ejus
676 3111 910 3186 conficiebant
928 3111 980 3210 (2)
1005 3139 1038 3184 n.

485 3251 611 3326 Nescio
641 3251 764 3346 itaque
792 3274 839 3320 an
858 3247 967 3342 hujus
991 3247 1118 3320 farinae
1144 3248 1259 3344 poetis
1277 3249 1481 3343 gratissima
1498 3250 1570 3346 ple-

435 3397 585 3468 rumque
604 3373 777 3462 carmina,
805 3373 941 3468 quaein
961 3372 1168 3468 aurigarum
1186 3374 1355 3446 honorem
1379 3375 1511 3470 scripta
1528 3376 1569 3448 in

436 3495 647 3592 Antholopr'a
685 3495 788 3568 nobis
821 3502 1064 3586 asservantur,
1096 3495 1290 3568 tribuenda
1315 3498 1400 3570 sint.
1435 3499 1568 3570 Forsan
1611 3491 1616 3497 ’

437 3628 473 3694 ct
487 3621 579 3694 sexti
599 3619 718 3692 saeculi
736 3627 860 3715 poetae,
871 3617 1060 3715 Porphyrii
1077 3618 1209 3714 aurigae
1224 3619 1407 3710 coaetanei,
1425 3644 1570 3717 sequen-

436 3745 483 3816 tis
508 3744 625 3818 aetatis
651 3744 764 3839 poetis
791 3744 903 3815 multo
936 3742 1133 3837 superiores
1166 3743 1278 3838 fuere,
1307 3743 1478 3840 dignique
1506 3731 1592 3840 qui¹

436 3868 527 3940 tales
546 3890 669 3940 versus
687 3866 725 3938 in
745 3864 854 3959 hujus
872 3865 1016 3938 laudem
1036 3867 1240 3958 conderent.

486 4001 536 4073 At
556 3999 594 4071 in
622 3998 837 4073 Goera‘rnom‘z's
866 3999 973 4071 multi
994 3999 1120 4096 hymni
1145 3998 1402 4091 inveniuntur,
1435 4003 1570 4075 decimo

438 4132 531 4198 certo
557 4124 682 4197 saeculo
714 4123 921 4214 anteriores
950 4123 989 4194 in
1022 4123 1152 4218 quibus
1180 4148 1251 4197 non
1271 4149 1398 4221 parum
1424 4126 1571 4221 poetieae

475 4447 512 4519 (i)
527 4448 637 4506 Oarirn.
650 4445 673 4516 I,
690 4445 734 4516 69,
749 4461 778 4518 p.
794 4445 855 4501 3¹1.

476 4533 511 4602 (a)
527 4533 598 4589 loia.
614 4530 634 4594 1,
648 4529 690 4598 47,
708 4545 735 4601 p.
751 4528 814 4586 237.
