3630 5660
434 529 481 600 38
715 545 762 594 on
786 542 1015 596 omcunsmus
1040 543 1283 596 memoremus.

436 675 609 749 Comitem
623 671 780 746 Orientis
794 670 1021 765 Calliopium,
1044 671 1227 744 Anastasii
1238 673 1489 768 propinquum,
1507 673 1564 745 fu-

434 800 571 894 gabant
581 820 591 885 ;
615 817 846 867 asuccessore
865 791 954 885 ejuS,
971 792 1207 866 Constantino
1225 794 1402 885 Tarsensi,
1420 819 1511 889 aegre
1525 796 1564 867 in
1645 831 1648 836 ·

435 920 595 994 ordinem
609 916 745 990 redacti
763 923 860 1007 sunt,
878 940 911 987 a.
926 913 1009 1012 507,
1033 916 1247 994 Antiocheni
1259 918 1413 990 Prasini.
1429 918 1565 991 Comite

433 1043 568 1117 Basilio
592 1041 781 1130 Edesscno,
806 1043 871 1112 sub
893 1040 1025 1134 aurigae
1049 1039 1218 1135 Calliopae
1238 1042 1405 1136 auspiciis
1424 1065 1565 1135 congre-

435 1165 511 1261 gati
535 1163 676 1237 Judaeos
694 1161 926 1233 trucidabant
948 1185 1156 1256 crucemque
1182 1162 1371 1258 synagogis
1393 1164 1430 1234 vi
1455 1164 1565 1257 impo-

434 1289 570 1361 nebant
590 1284 658 1382 (1)
681 1285 813 1356 Eodem
832 1308 938 1375 anno,
962 1284 1098 1358 Gemite
1110 1285 1293 1380 Procopio,
1311 1286 1350 1357 in
1364 1286 1561 1382 Nyctepar·

434 1411 540 1486 chum
557 1408 701 1480 Menam
720 1406 783 1501 qui
813 1405 937 1480 Gothis
964 1407 1117 1502 stipatus
1146 1406 1351 1500 seditiosum
1377 1409 1566 1502 quemdam

434 1534 474 1609 in
492 1533 569 1628 ipso
587 1529 712 1624 templi
733 1529 831 1625 asylo
851 1528 970 1622 gladio
990 1528 1154 1620 feriisset,
1190 1529 1397 1624 insurgunt,
1431 1532 1565 1626 ipsum·

434 1680 516 1754 que,
538 1653 703 1751 quamvis
727 1652 760 1725 ei
791 1652 921 1724 Veneti
949 1652 1125 1723 auxilium
1154 1653 1301 1742 ferrent,
1330 1654 1428 1747 justo
1462 1654 1567 1749 quasi

434 1780 552 1854 Marte
571 1785 607 1850 et
626 1775 765 1848 collatis
782 1774 905 1870 signis,
940 1775 1076 1846 victum
1106 1776 1303 1866 trucidant,
1325 1777 1566 1873 trucidatique

434 1899 558 1973 virilia
577 1904 704 1970 statuae
723 1896 865 1969 cuidam
884 1895 1192 1994 suspenduntrln).
1219 1898 1269 1972 At
1286 1901 1455 1994 repressis
1490 1900 1565 1972 vic-

434 2023 564 2117 tisque,
583 2044 676 2093 anno
698 2017 782 2115 507,
806 2020 850 2090 ab
879 2016 1069 2090 Anastasio
1096 2018 1136 2089 in
1155 2020 1254 2114 regia
1273 2021 1369 2093 Urbe
1386 2023 1561 2112 PrasiniS,

436 2147 643 2221 deferbuere
662 2110 698 2218 el
715 2142 954 2239 provinciales
971 2141 1113 2214 Prasini
1136 2165 1144 2214 :
1177 2168 1194 2211 n
1216 2141 1398 2237 terrorque
1416 2168 1568 2239 magnus

437 2279 473 2345 et
492 2268 804 2363 Constantinopoli
814 2275 850 2339 et
861 2267 998 2340 coeteris
1016 2266 1197 2339 Romaniae
1206 2268 1355 2340 urbibus
1368 2269 1566 2341 incussus.»

484 2392 650 2468 Justinus
675 2391 695 2464 Ι
720 2389 866 2464 Venetis
893 2371 1007 2461 initio
1022 2389 1143 2462 favere
1166 2390 1276 2462 visus.
1310 2391 1411 2463 Tunc
1444 2393 1568 2466 saevire

437 2516 653 2594 Antiocheni
671 2514 826 2604 Veneti;
848 2513 979 2608 quique
1007 2537 1121 2608 nuper
1148 2515 1274 2586 misero
1306 2515 1566 2611 Nycteparcho,

437 2641 589 2739 publicae
606 2637 705 2734 pacis
723 2637 854 2732 gratia,
878 2635 1163 2725 auxiliabantur,
1190 2636 1228 2708 vi
1253 2644 1289 2708 et
1316 2637 1470 2710 caedibus
1495 2664 1571 2711 rur·

438 2788 498 2840 sus
517 2768 737 2859 grassantur.
773 2759 847 2832 Nec
878 2758 1078 2830 Antiochiae
1103 2765 1258 2849 tantum,
1295 2760 1355 2832 sed
1373 2785 1437 2855 per
1455 2769 1570 2835 totum

439 2887 649 2984 Imperium,
671 2884 810 2956 Veneta
846 2881 974 2972 factio,
1013 2881 1310 2977 lapidationibus,
1340 2859 1567 2977 tumultibus,

440 3011 595 3085 caedibus
622 3004 743 3080 omnia
760 3004 944 3094 miscebat,
974 3003 1013 3076 in
1043 3004 1205 3075 omnibus
1233 3005 1383 3077 urbibus
1403 3007 1571 3082 adversus

441 3135 625 3232 praefectos
654 3130 874 3225 insurgebat,
909 3127 1094 3199 «initium
1119 3126 1323 3200 rebellionis
1350 3153 1371 3199 a
1396 3128 1571 3202 Constan-

443 3255 596 3351 tinopoli
612 3275 767 3343 sumens,
788 3257 940 3349 ἀρξαμένω
959 3258 1084 3324 ἀπὸτοῦ
1102 3261 1258 3335 Βυζαντίου
1280 3249 1347 3347 (3).
1371 3276 1388 3319 b

491 3380 565 3452 Nec
582 3376 682 3472 prius
701 3383 815 3446 terror
832 3374 895 3445 ille
926 3374 1084 3445 Venetus
1116 3396 1179 3467 per
1209 3373 1418 3445 Romourbm
1451 3374 1573 3445 saevire

442 3500 549 3575 desiit
574 3522 681 3594 quam
710 3496 844 3568 abolita
860 3494 1060 3568 Antiochiae
1080 3496 1266 3591 Olympica
1285 3497 1493 3585 certamina,
1511 3520 1572 3568 ex-

443 3615 539 3724 pulsi
558 3648 602 3695 ex
617 3614 761 3695 Orie‘nte
785 3627 859 3691 toto
876 3619 1075 3707 saltatores
1098 3619 1302 3712 strenuique
1315 3619 1352 3689 in
1367 3618 1574 3690 civitatibus

444 3749 608 3823 omnibus
621 3744 797 3835 Praefecti,
807 3743 975 3838 Byzantii
989 3743 1200 3830 Theodotus
1219 3741 1417 3813 Antiochiae
1434 3743 1575 3836 Ephrae-

445 3873 550 3963 minc,
573 3869 760 3943 constituti
781 3867 848 3965 (4).
870 3867 903 3938 Α
922 3866 1110 3962 Byzanti0,
1132 3873 1174 3936 ut
1191 3889 1305 3959 nuper
1334 3865 1493 3956 rebellio,
1521 3866 1573 3937 ita

444 4020 568 4070 rursus
586 3993 755 4090 repressio
775 3999 811 4065 et
828 3990 1026 4088 pacificatio
1045 3989 1190 4061 initium
1207 3988 1369 4083 sumpsit.

484 4240 521 4309 (Ι)
535 4236 599 4293 Mal.
617 4253 646 4309 p.
662 4235 725 4294 392.

482 4323 518 4391 (ἲ)
531 4322 594 4377 llal.
610 4338 637 4393 p.
655 4319 717 4377 395.

484 4406 520 4475 (3)
533 4405 595 4460 Mal.
611 4421 638 4477 p.
655 4403 716 4460 408.

485 4487 522 4558 (4)
534 4487 597 4544 Mal.
608 4503 637 4560 p.
652 4484 714 4542 416.
