3630 5660
710 559 826 612 curui·
851 564 889 612 n.
1323 546 1370 641 37

237 685 393 781 primum
415 706 471 758 res
501 684 669 782 Byzantii
695 684 867 775 innotuit,
899 687 1017 760 furere
1048 691 1177 761 Veneti
1213 699 1248 762 et
1274 690 1372 786 apud

235 809 489 904 Imperatorem
517 807 730 903 supplicare,
759 817 795 882 et
820 810 1002 883 Malthaui
1020 813 1213 909 Leonique‚
1250 837 1370 886 socero

235 930 325 1024 ejus,
341 931 519 1005 terribiles
533 930 650 1004 minas
668 931 861 1006 intentare.
881 933 961 1024 Sed,
984 959 1070 1007 auro
1087 944 1242 1032 accepta,
1259 934 1370 1009 Justi-

236 1057 366 1128 nianus
382 1056 615 1152 nequeiratae
630 1056 831 1147 Theodora,
852 1081 966 1155 neque
976 1058 1111 1132 furenti
1129 1061 1272 1155 populo,
1291 1059 1368 1132 exi-

236 1179 329 1252 tium
345 1178 542 1252 Malthauis
567 1179 768 1252 condonare
797 1180 925 1253 voluit.
949 1183 1071 1277 Ipsum
1085 1183 1206 1273 etiam,
1230 1183 1371 1280 Byzan-

182 1301 184 1304 ’
235 1303 326 1376 tium
351 1303 569 1394 arcessitum,
603 1303 749 1375 comiter
772 1304 924 1399 excepit.
954 1332 972 1375 c
1000 1305 1068 1379 Sed
1088 1308 1132 1378 ab
1153 1307 1370 1401 Imperatore

237 1426 474 1501 discedentem
490 1426 566 1522 ipso
583 1427 622 1499 iu
643 1426 785 1500 Palatio
804 1427 960 1522 aggressi
978 1428 1119 1519 Veneti,
1141 1428 1372 1502 vulneratum

236 1559 330 1624 certe
348 1549 571 1640 occidissent,
589 1549 627 1620 ni
642 1572 750 1638 socer,
772 1558 991 1623 armatorum
1018 1575 1142 1642 manu,
1160 1552 1373 1626 semivivum

235 1697 255 1746 e
271 1672 473 1745 furentium
491 1671 658 1742 manibus
675 1670 862 1765 eripuisset
883 1698 900 1739 r>
934 1671 946 1768 (
972 1671 999 1769 ).

287 1793 325 1866 si
342 1793 554 1888 Byzantinis
571 1793 718 1893 Venetis
741 1801 804 1864 aut
820 1793 981 1866 Prasinis
1002 1817 1024 1865 a
1049 1793 1212 1889 principe
1237 1793 1373 1867 favere·

236 1925 310 2006 tur,
343 1941 407 2013 per
426 1941 545 2010 omnes
571 1917 775 2012 provincias
806 1918 1107 1990 commilitonibus
1137 1942 1259 1991 eorum
1276 1917 1372 1991 idem

134 2017 137 2023 ¹
213 2057 218 2080 ‘
237 2040 341 2113 favor
354 2040 604 2113 exhibebatur.
627 2039 745 2126 Quum
770 2040 985 2113 Theodosius
1004 2041 1041 2113 II
1064 2041 1243 2130 Pramnos,
1265 2040 1373 2114 hono·

237 2164 288 2236 ris
316 2165 447 2258 gratia,
485 2164 530 2235 ad
564 2164 746 2236 sinistram
778 2186 879 2235 suam
911 2164 1031 2235 sedere
1052 2161 1172 2255 jussit,
1207 2164 1371 2235 omnibus

239 2289 451 2384 praesidibus
484 2288 580 2360 idem
616 2288 654 2359 in
684 2288 922 2382 provinciales
953 2288 1121 2360 Prasiuos
1153 2311 1256 2382 agere
1287 2311 1373 2383 prae·

238 2414 332 2508 oepit
365 2411 433 2509 (2).
471 2411 667 2501 Theodora,
698 2435 776 2506 quae
807 2410 1019 2506 Byzantinis
1046 2412 1192 2484 Venetis
1217 2421 1370 2507 patrona

237 2542 327 2623 erat,
350 2533 503 2607 Cilicum
522 2534 739 2605 Venetorum
762 2533 898 2605 hostem
924 2533 1140 2605 Callinicum
1163 2533 1202 2605 iu
1231 2557 1370 2606 crucem

239 2660 367 2753 agebat
397 2655 463 2752 (3),
497 2656 799 2750 Tarsensibusque
822 2656 968 2728 Venetis
995 2656 1181 2729 inimicum
1210 2658 1369 2730 Maltha-

237 2804 318 2852 nem
338 2780 417 2851 odio
436 2780 716 2873 prosequebatur
738 2777 804 2874 (Δ).

288 2901 326 2974 Si
344 2903 439 2972 inter
456 2901 677 2995 Byzantinas
695 2898 868 2971 factiones
886 2924 972 2994 paz,
1007 2901 1037 2972 si
1068 2902 1216 2992 bellum,
1247 2903 1301 2974 ita
1329 2904 1368 2976 in

236 3023 431 3119 provinciis
451 3030 514 3095 aut
532 3046 605 3116 pax
625 3029 689 3093 aut
706 3022 842 3093 bellum
861 3023 1068 3093 exsistebat.

286 3147 324 3220 Si
342 3147 490 3218 favebat
507 3148 599 3218 Zeno
618 3145 657 3217 in
672 3203 675 3208 .
690 3145 787 3218 Urbe
816 3146 915 3240 regia
938 3144 1111 3236 Prasinis,
1134 3153 1211 3216 tum
1241 3146 1370 3218 Antio-

234 3272 339 3344 cheni
370 3270 524 3360 Prasini‚
552 3269 779 3364 impunitatis
806 3269 931 3360 securi,
954 3269 1098 3342 ludaeos
1128 3270 1300 3343 invadere
1330 3293 1371 3344 ac

232 3397 414 3469 trucidare
435 3393 502 3491 (ὅ).

262 3518 390 3606 ‘Quot
413 3523 587 3610 regnante
605 3513 809 3604 Anastasio,
831 3509 870 3585 in
890 3516 987 3588 Urbe
1006 3517 1118 3611 Regia
1137 3518 1368 3590 Prasinorum

235 3641 441 3712 seditiones!
464 3639 514 3710 At
532 3637 655 3709 eodem'
672 3635 745 3709 fere
763 3644 933 3733 tempore,
956 3662 1025 3733 quo
1045 3639 1239 3733 Byzantini
1259 3643 1369 3735 Epar-

187 3862 189 3868 ¹
234 3762 339 3835 chum
371 3785 474 3832 suum
498 3758 666 3855 eparchio
690 3757 811 3830 cedere
837 3761 1023 3853 cogebant,
1053 3760 1123 3855 ipsi
1146 3761 1363 3835 Antiocheni

268 3999 733 4074 (Bffimdmmcdbpffib

266 4088 303 4157 (0)
327 4086 454 4151 Matalas,
475 4102 502 4159 p.
528 4085 590 4143 352.
616 4117 646 4126 -
670 4086 835 4158 Rursusque
858 4084 1018 4144 Marcianus
1041 4087 1201 4159 Imperator
1222 4087 1366 4144 rVenetae

231 4168 1365 4243 mmmwmmfflmmmmmafflmmmmma

138 4261 140 4268 ’
233 4271 259 4310 a.
275 4254 335 4319 150,
351 4272 379 4326 p.
397 4253 460 4310 592.

270 4336 307 4406 (3)
320 4337 398 4392 Proc.
414 4339 520 4392 anecd.
534 4353 559 4392 c.
580 4337 621 4407 17,
638 4355 667 4410 p.
684 4337 746 4394 100.

270 4419 308 4488 (1)
323 4422 395 4476 Ibid.
412 4436 437 4475 c.
451 4420 496 4486 09,
513 4438 542 4493 p.
558 4421 620 4478 150.

268 4505 304 4574 (5)
319 4501 383 4561 llal.
397 4521 423 4561 a.
440 4503 501 4573 490,
516 4523 545 4581 p.
560 4506 622 4566 380.
