3630 5660
720 531 835 584 onrur
860 533 910 582 111.
1332 515 1380 607 49

247 671 431 766 popularis
471 659 601 762 motus,
637 673 735 744 intra
776 670 949 766 equestris
981 668 1220 742 contentionis
1250 669 1381 743 limites

247 793 450 883 constitere,
477 793 522 865 ad
545 792 650 867 finem
677 817 774 882 vero,
803 793 841 864 in
877 798 1036 887 apertam
1059 785 1272 864 'seditionem
1300 814 1381 874 eru-

251 907 369 1010 peres

297 1039 340 1110 ld
368 1046 486 1111 autem
510 1035 783 1109 observantibus
802 1035 1032 1107 manifestum
1052 1035 1153 1108 nobis
1179 1037 1376 1132 apparebit.

247 1162 291 1233 ln
310 1161 418 1256 primi
433 1161 571 1257 generis
590 1161 689 1232 illius
709 1158 944 1232 seditionibus
963 1181 1034 1230 non
1054 1159 1182 1232 Veneti
1212 1167 1275 1232 aut
1293 1161 1381 1232 Pra-

248 1284 330 1374 sini,
341 1283 401 1356 sed
421 1283 785 1379 populusuniversus,
804 1281 879 1353 sine
899 1280 1117 1371 discrimine,
1136 1282 1380 1355 adversuslm-

248 1415 447 1504 peratorem
457 1407 641 1501 insurgere
656 1406 811 1494 solebat3
835 1426 900 1476 nec
916 1402 1155 1476 theatralibus
1172 1412 1235 1505 aut
1251 1429 1373 1501 eques-

248 1531 362 1603 tribus
378 1530 578 1602 inimicitiis
594 1528 803 1618 actusfurit‚
814 1527 873 1599 sed
883 1527 1092 1622 gravissimo
1106 1528 1225 1623 aliquo
1236 1528 1355 1604 dolore
1369 1588 1379 1622 ,

246 1661 309 1725 aut
323 1654 542 1726 tributorum
561 1652 674 1724 nimia
688 1649 880 1745 gravitate,
901 1657 964 1721 aut
984 1648 1189 1722 officialium
1204 1653 1384 1746 rapacita-

248 1785 298 1866 te,
311 1783 374 1847 aut
395 1799 545 1847 annonae
558 1775 722 1862 caritate,
745 1778 808 1844 aut
820 1772 943 1867 aliqua
954 1771 1012 1843 lue
1028 1772 1084 1844 vel
1094 1781 1192 1868 peste
1202 1775 1378 1847 irritatus.

250 1899 294 1969 ln
313 1897 381 1968 tali
399 1920 482 1968 casu
497 1896 541 1968 de
559 1894 778 1966 factionibus
794 1893 892 1964 nullo
908 1893 1011 1964 modo
1026 1893 1144 1989 agitur
1160 1918 1168 1966 :
1185 1895 1228 1967 de
1239 1897 1385 1969 Venetis

252 2027 315 2090 aut
339 2019 499 2091 Prasinis
526 2018 622 2113 apud
659 2025 819 2088 auctores
848 2015 950 2088 nulla
978 2016 1051 2088 fere
1078 2017 1209 2089 mentio
1240 2019 1400 2104 incidit„

249 2141 399 2214 Publica
418 2140 513 2212 enim
532 2139 679 2211 rebellio
709 2146 744 2210 et
762 2137 910 2232 politica
929 2137 1070 2228 seditio,
1087 2161 1160 2210 non
1179 2141 1382 2237 Hippodro·

250 2287 306 2334 mo
338 2272 416 2336 orta
441 2270 476 2335 et
504 2262 727 2358 equestribus
754 2260 998 2333 simultatibus
1020 2269 1125 2333 aucta
1144 2263 1381 2356 perturbatio,

252 2387 352 2457 nobis
373 2394 455 2457 ante
475 2387 593 2458 oculos
612 2385 834 2480 proponitur.

299 2506 508 2601 Cujusmodi
541 2509 742 2600 seditiones,
784 2515 957 2601 regnante
1001 2506 1221 2598 Justinian0,
1268 2509 1385 2582 rarius

249 2654 411 2704 evenere.
452 2633 558 2704 Anno
584 2640 705 2704 tamen
734 2631 823 2721 556,
853 2631 909 2703 die
937 2631 1053 2702 natali
1076 2631 1205 2723 Urbis,
1238 2630 1384 2728 ejusque

248 2779 356 2827 causa
376 2757 464 2828 actis
475 2757 705 2846 circensibus,
727 2756 853 2851 ingens
872 2755 986 2852 plebis
1005 2763 1121 2827 motus
1140 2755 1291 2828 exstitit.
1316 2756 1383 2830 Oui

250 2901 320 2950 non
336 2876 412 2970 jam
432 2887 624 2974 equestres,
647 2881 707 2952 sed
721 2880 872 2975 publicae
886 2903 1002 2950 causae
1018 2877 1166 2950 fuerunt
1184 2903 1191 2950 :
1214 2879 1252 2950 in
1268 2877 1382 2951 omni-

207 3011 210 3018 ’
250 3002 316 3073 bus
345 3001 440 3071 enim
472 3000 545 3073 fere
570 3002 778 3073 civitatibus
810 3001 1015 3097 pestilentia
1045 3000 1207 3095 quaedam
1239 3000 1384 3094 ingrue-

248 3123 323 3213 bat,
345 3147 423 3218 quae
440 3122 478 3194 in
496 3122 655 3194 infantes
670 3123 846 3218 praecipue
861 3123 1049 3196 saeviebat}
1067 3123 1234 3219 Byzantii
1247 3123 1382 3214 fames;

249 3271 331 3319 nam
357 3247 387 3318 si
407 3245 484 3318 vini
514 3255 550 3318 et
569 3247 663 3318 lardi
683 3247 797 3342 copia,
819 3246 992 3319 frumenti
1017 3247 1209 3342 hordeique
1232 3231 1384 3342 penuria

248 3377 338 3440 erat.
361 3370 489 3463 ltaque
509 3391 581 3438 non
598 3366 674 3459 jam
693 3368 788 3439 inter
816 3391 851 3440 se
888 3367 1074 3458 factiones,
1114 3369 1174 3442 sed
1214 3369 1383 3443 adversus

249 3494 504 3586 Imperatorem
543 3493 659 3586 ipsum
701 3493 898 3580 insurgere.
958 3492 1000 3564 ld
1032 3492 1198 3565 seditioni
1237 3494 1382 3566 initium

250 3613 321 3685 fnit
347 3615 455 3710 quod,
487 3615 676 3686 Persarum
696 3614 824 3707 legatis
843 3615 882 3686 in
911 3614 1012 3687 Circo
1033 3614 1311 3705 considentibus,
1338 3615 1382 3687 ad

250 3736 504 3832 Imperatorem
523 3736 739 3809 vociferatus
752 3745 805 3809 est
817 3739 988 3833 populus:
1007 3763 1023 3806 a
1045 3737 1209 3828 Domine,
1232 3737 1278 3809 da
1293 3738 1383 3811 Urbi

251 3858 513 3931 abundantiam
542 3882 582 3948 »3
606 3859 853 3953 Praefectique,
884 3883 946 3931 seu
960 3860 1126 3953 Eparchi,
1144 3860 1301 3934 Musonii
1321 3861 1384 3936 do-

249 4005 346 4054 mum
366 3981 508 4054 evertit.
531 3981 600 4053 Res
618 4003 690 4053 non
705 3980 1057 4076 longiusprogressa:
1073 4005 1156 4055 nam
1171 3983 1381 4079 Imperator,

249 4106 344 4202 quod
363 4105 517 4201 populus
537 4128 654 4177 coram
669 4104 785 4177 Persis
803 4105 1045 4190 rebellaverat
1065 4107 1240 4202 praecipue
1254 4109 1382 4200 iratus,

250 4229 406 4300 severius
425 4228 627 4322 Eparchum
646 4227 685 4298 in
714 4236 831 4301 sontes
862 4229 1148 4303 animadvertere
1168 4229 1289 4324 jussit.
1317 4231 1385 4306 Sed

252 4374 365 4444 neque
394 4351 433 4422 in
472 4352 658 4442 seditione,
699 4375 813 4446 neque
839 4351 878 4424 in
905 4354 1136 4448 repressione,
1169 4353 1385 4426 Venetorum

253 4482 315 4544 aut
333 4474 563 4546 Prasinorum
591 4497 716 4544 nomen
739 4474 833 4567 apud
853 4474 1138 4570 chronographos
1161 4477 1383 4549 enuntiatur.

1194 4598 1212 4650 t
