<?xml version="1.0" encoding="UTF-8"?>
<!DOCTYPE html PUBLIC "-//W3C//DTD XHTML 1.0 Transitional//EN"
    "http://www.w3.org/TR/xhtml1/DTD/xhtml1-transitional.dtd">
<html xmlns="http://www.w3.org/1999/xhtml" xml:lang="en" lang="en">
 <head>
  <title>
</title>
<meta http-equiv="Content-Type" content="text/html;charset=utf-8" />
  <meta name='ocr-system' content='tesseract 3.04.00' />
  <meta name='ocr-capabilities' content='ocr_page ocr_carea ocr_par ocr_line ocrx_word'/>
</head>
<body>
  <div class='ocr_page' id='page_1' title='image "./debyzantinohipp00rambgoog_0111.png"; bbox 0 0 3630 5658; ppageno 0'>
   <div class='ocr_carea' id='block_1_1' title="bbox 486 495 1333 551">
    <p class='ocr_par' dir='ltr' id='par_1_1' title="bbox 486 495 1333 551">
     <span class='ocr_line' id='line_1_1' title="bbox 486 495 1333 551; baseline -0.001 -5"><span class='ocrx_word' id='word_1_1' title='bbox 486 501 551 548; x_wconf 89' lang='lat'><strong>100</strong></span> <span class='ocrx_word' id='word_1_2' title='bbox 763 497 808 548; x_wconf 87' lang='lat' dir='ltr'><strong>DE</strong></span> <span class='ocrx_word' id='word_1_3' title='bbox 835 496 1065 550; x_wconf 78' lang='lat' dir='ltr'>CIRCENSIBUS</span> <span class='ocrx_word' id='word_1_4' title='bbox 1090 495 1333 551; x_wconf 82' lang='lat' dir='ltr'><strong>FACTIONIBUS.</strong></span> 
     </span>
    </p>
   </div>
   <div class='ocr_carea' id='block_1_2' title="bbox 412 618 1616 2443">
    <p class='ocr_par' dir='ltr' id='par_1_2' title="bbox 478 618 1610 965">
     <span class='ocr_line' id='line_1_2' title="bbox 479 618 1607 718; baseline -0.005 -24"><span class='ocrx_word' id='word_1_5' title='bbox 479 622 637 718; x_wconf 89' lang='lat' dir='ltr'><strong>quinque</strong></span> <span class='ocrx_word' id='word_1_6' title='bbox 646 647 657 712; x_wconf 82' lang='lat'>3</span> <span class='ocrx_word' id='word_1_7' title='bbox 679 621 823 694; x_wconf 83' lang='lat' dir='ltr'><strong>Eusebii</strong></span> <span class='ocrx_word' id='word_1_8' title='bbox 842 620 1028 716; x_wconf 88' lang='lat' dir='ltr'><strong>cujusdam</strong></span> <span class='ocrx_word' id='word_1_9' title='bbox 1043 647 1169 714; x_wconf 89' lang='lat' dir='ltr'><strong>unum,</strong></span> <span class='ocrx_word' id='word_1_10' title='bbox 1188 625 1233 696; x_wconf 90' lang='lat' dir='ltr'><strong>ad</strong></span> <span class='ocrx_word' id='word_1_11' title='bbox 1253 647 1316 694; x_wconf 90' lang='lat' dir='ltr'><strong>nos</strong></span> <span class='ocrx_word' id='word_1_12' title='bbox 1334 642 1526 717; x_wconf 90' lang='lat' dir='ltr'><strong>pervenere</strong></span> <span class='ocrx_word' id='word_1_13' title='bbox 1541 618 1607 714; x_wconf 85' lang='lat'><strong>(1).</strong></span> 
     </span>
     <span class='ocr_line' id='line_1_3' title="bbox 480 742 1610 842; baseline -0.004 -26"><span class='ocrx_word' id='word_1_14' title='bbox 480 743 561 835; x_wconf 85' lang='lat' dir='ltr'>Sed,</span> <span class='ocrx_word' id='word_1_15' title='bbox 582 745 865 841; x_wconf 86' lang='lat' dir='ltr'><strong>Byzantinorum</strong></span> <span class='ocrx_word' id='word_1_16' title='bbox 875 745 1049 842; x_wconf 85' lang='lat' dir='ltr'><strong>prosperis</strong></span> <span class='ocrx_word' id='word_1_17' title='bbox 1063 748 1183 837; x_wconf 76' lang='lat' dir='ltr'><strong>rebuS,</strong></span> <span class='ocrx_word' id='word_1_18' title='bbox 1200 755 1334 842; x_wconf 90' lang='lat' dir='ltr'><strong>quanto</strong></span> <span class='ocrx_word' id='word_1_19' title='bbox 1348 746 1453 840; x_wconf 91' lang='lat' dir='ltr'><strong>plura</strong></span> <span class='ocrx_word' id='word_1_20' title='bbox 1464 742 1503 813; x_wconf 92' lang='lat' dir='ltr'><strong>in</strong></span> <span class='ocrx_word' id='word_1_21' title='bbox 1518 765 1610 812; x_wconf 91' lang='lat' dir='ltr'><strong>mar-</strong></span> 
     </span>
     <span class='ocr_line' id='line_1_4' title="bbox 478 866 1569 965; baseline -0.004 -27"><span class='ocrx_word' id='word_1_22' title='bbox 478 866 606 939; x_wconf 89' lang='lat' dir='ltr'><strong>moreis</strong></span> <span class='ocrx_word' id='word_1_23' title='bbox 625 868 807 964; x_wconf 86' lang='lat' dir='ltr'><strong>signorum</strong></span> <span class='ocrx_word' id='word_1_24' title='bbox 823 869 970 941; x_wconf 82' lang='lat' dir='ltr'><strong>basibus</strong></span> <span class='ocrx_word' id='word_1_25' title='bbox 989 869 1061 965; x_wconf 86' lang='lat' dir='ltr'><strong>legi</strong></span> <span class='ocrx_word' id='word_1_26' title='bbox 1080 877 1274 965; x_wconf 87' lang='lat' dir='ltr'><strong>potuerunt</strong></span> <span class='ocrx_word' id='word_1_27' title='bbox 1293 866 1569 962; x_wconf 87' lang='lat' dir='ltr'><strong>epigrammata!</strong></span> 
     </span>
    </p>

    <p class='ocr_par' dir='ltr' id='par_1_3' title="bbox 477 988 1610 1333">
     <span class='ocr_line' id='line_1_5' title="bbox 525 988 1610 1096; baseline -0.002 -36"><span class='ocrx_word' id='word_1_28' title='bbox 525 988 790 1096; x_wconf 81' lang='lat' dir='ltr'><strong>Aurigispoetae</strong></span> <span class='ocrx_word' id='word_1_29' title='bbox 801 998 843 1062; x_wconf 89' lang='lat' dir='ltr'><strong>ut</strong></span> <span class='ocrx_word' id='word_1_30' title='bbox 852 990 976 1064; x_wconf 79' lang='lat' dir='ltr'><strong>divinis</strong></span> <span class='ocrx_word' id='word_1_31' title='bbox 992 991 1059 1090; x_wconf 84' lang='lat'><strong>(2),</strong></span> <span class='ocrx_word' id='word_1_32' title='bbox 1074 1001 1117 1065; x_wconf 92' lang='lat' dir='ltr'><strong>ut</strong></span> <span class='ocrx_word' id='word_1_33' title='bbox 1135 991 1386 1065; x_wconf 78' lang='lat' dir='ltr'><strong>immortalibus</strong></span> <span class='ocrx_word' id='word_1_34' title='bbox 1397 988 1610 1084; x_wconf 81' lang='lat' dir='ltr'><strong>invictisque</strong></span> 
     </span>
     <span class='ocr_line' id='line_1_6' title="bbox 477 1110 1605 1210; baseline -0.001 -27"><span class='ocrx_word' id='word_1_35' title='bbox 477 1118 514 1183; x_wconf 88' lang='lat' dir='ltr'><strong>et</strong></span> <span class='ocrx_word' id='word_1_36' title='bbox 544 1111 588 1184; x_wconf 89' lang='lat' dir='ltr'><strong>de</strong></span> <span class='ocrx_word' id='word_1_37' title='bbox 615 1121 728 1185; x_wconf 87' lang='lat' dir='ltr'><strong>morte</strong></span> <span class='ocrx_word' id='word_1_38' title='bbox 760 1113 869 1186; x_wconf 89' lang='lat' dir='ltr'><strong>etiam</strong></span> <span class='ocrx_word' id='word_1_39' title='bbox 903 1122 1011 1210; x_wconf 90' lang='lat' dir='ltr'><strong>atque</strong></span> <span class='ocrx_word' id='word_1_40' title='bbox 1043 1123 1179 1188; x_wconf 90' lang='lat' dir='ltr'><strong>tartaro</strong></span> <span class='ocrx_word' id='word_1_41' title='bbox 1212 1112 1520 1209; x_wconf 78' lang='lat' dir='ltr'><strong>triumphantibus</strong></span> <span class='ocrx_word' id='word_1_42' title='bbox 1557 1110 1605 1206; x_wconf 82' lang='lat'><strong>(3)</strong></span> 
     </span>
     <span class='ocr_line' id='line_1_7' title="bbox 480 1231 1605 1333; baseline -0.002 -28"><span class='ocrx_word' id='word_1_43' title='bbox 480 1235 703 1325; x_wconf 58' lang='lat' dir='ltr'><strong>adulantum</strong></span> <span class='ocrx_word' id='word_1_44' title='bbox 733 1246 1001 1333; x_wconf 89' lang='lat' dir='ltr'><strong>memorantque</strong></span> <span class='ocrx_word' id='word_1_45' title='bbox 1021 1237 1189 1310; x_wconf 88' lang='lat' dir='ltr'><strong>defuncto</strong></span> <span class='ocrx_word' id='word_1_46' title='bbox 1209 1236 1445 1310; x_wconf 81' lang='lat' dir='ltr'><strong>Constantino</strong></span> <span class='ocrx_word' id='word_1_47' title='bbox 1467 1231 1605 1327; x_wconf 81' lang='lat' dir='ltr'><strong>auriga,</strong></span> 
     </span>
    </p>

    <p class='ocr_par' dir='ltr' id='par_1_4' title="bbox 412 1357 1604 1702">
     <span class='ocr_line' id='line_1_8' title="bbox 477 1357 1604 1457; baseline -0.004 -27"><span class='ocrx_word' id='word_1_48' title='bbox 477 1364 520 1430; x_wconf 90' lang='lat' dir='ltr'><strong>ut</strong></span> <span class='ocrx_word' id='word_1_49' title='bbox 550 1358 734 1431; x_wconf 91' lang='lat' dir='ltr'><strong>liberatori</strong></span> <span class='ocrx_word' id='word_1_50' title='bbox 766 1362 909 1434; x_wconf 90' lang='lat' dir='ltr'><strong>cuidam</strong></span> <span class='ocrx_word' id='word_1_51' title='bbox 939 1361 1078 1456; x_wconf 85' lang='lat' dir='ltr'><strong>patriae,</strong></span> <span class='ocrx_word' id='word_1_52' title='bbox 1119 1362 1349 1457; x_wconf 75' lang='lat' dir='ltr'><strong>«principem</strong></span> <span class='ocrx_word' id='word_1_53' title='bbox 1369 1383 1410 1431; x_wconf 88' lang='lat' dir='ltr'><strong>ac</strong></span> <span class='ocrx_word' id='word_1_54' title='bbox 1427 1357 1604 1453; x_wconf 89' lang='lat' dir='ltr'><strong>populum,</strong></span> 
     </span>
     <span class='ocr_line' id='line_1_9' title="bbox 412 1461 1604 1576; baseline -0.003 -23"><span class='ocrx_word' id='word_1_55' title='bbox 412 1461 415 1472; x_wconf 40' lang='lat'><em>¹</em></span> <span class='ocrx_word' id='word_1_56' title='bbox 477 1481 709 1554; x_wconf 87' lang='lat' dir='ltr'><strong>veneratione</strong></span> <span class='ocrx_word' id='word_1_57' title='bbox 736 1492 938 1574; x_wconf 89' lang='lat' dir='ltr'><strong>commotos,</strong></span> <span class='ocrx_word' id='word_1_58' title='bbox 972 1483 1168 1556; x_wconf 88' lang='lat' dir='ltr'><strong>immortali</strong></span> <span class='ocrx_word' id='word_1_59' title='bbox 1199 1484 1326 1572; x_wconf 88' lang='lat' dir='ltr'><strong>edicto,</strong></span> <span class='ocrx_word' id='word_1_60' title='bbox 1358 1483 1501 1576; x_wconf 85' lang='lat' dir='ltr'><strong>signum</strong></span> <span class='ocrx_word' id='word_1_61' title='bbox 1520 1479 1604 1550; x_wconf 83' lang='lat' dir='ltr'><strong>exci-</strong></span> 
     </span>
     <span class='ocr_line' id='line_1_10' title="bbox 477 1603 738 1702; baseline 0.008 -28"><span class='ocrx_word' id='word_1_62' title='bbox 477 1603 611 1676; x_wconf 85' lang='lat' dir='ltr'><strong>tavisse</strong></span> <span class='ocrx_word' id='word_1_63' title='bbox 633 1604 685 1702; x_wconf 73' lang='lat' dir='ltr'><strong>(t)</strong></span> <span class='ocrx_word' id='word_1_64' title='bbox 705 1632 738 1676; x_wconf 86' lang='grc' dir='ltr'><strong>ν.</strong></span> 
     </span>
    </p>

    <p class='ocr_par' dir='ltr' id='par_1_5' title="bbox 479 1725 1609 2192">
     <span class='ocr_line' id='line_1_11' title="bbox 525 1725 1598 1826; baseline -0.004 -28"><span class='ocrx_word' id='word_1_65' title='bbox 525 1728 613 1800; x_wconf 83' lang='lat' dir='ltr'><strong>Haec</strong></span> <span class='ocrx_word' id='word_1_66' title='bbox 656 1735 801 1799; x_wconf 88' lang='lat' dir='ltr'><strong>tantum</strong></span> <span class='ocrx_word' id='word_1_67' title='bbox 856 1730 1017 1802; x_wconf 89' lang='lat' dir='ltr'><strong>carmina</strong></span> <span class='ocrx_word' id='word_1_68' title='bbox 1063 1728 1260 1826; x_wconf 90' lang='lat' dir='ltr'><strong>Porphyrio</strong></span> <span class='ocrx_word' id='word_1_69' title='bbox 1305 1726 1425 1799; x_wconf 88' lang='lat' dir='ltr'><strong>dicata</strong></span> <span class='ocrx_word' id='word_1_70' title='bbox 1466 1725 1598 1798; x_wconf 88' lang='lat' dir='ltr'><strong>laudare</strong></span> 
     </span>
     <span class='ocr_line' id='line_1_12' title="bbox 479 1847 1606 1947; baseline -0.001 -28"><span class='ocrx_word' id='word_1_71' title='bbox 479 1849 614 1922; x_wconf 87' lang='lat' dir='ltr'><strong>liceat:</strong></span> <span class='ocrx_word' id='word_1_72' title='bbox 637 1873 791 1944; x_wconf 90' lang='lat' dir='ltr'><strong>quarum</strong></span> <span class='ocrx_word' id='word_1_73' title='bbox 810 1850 1071 1923; x_wconf 84' lang='lat' dir='ltr'><strong>blanditiarum</strong></span> <span class='ocrx_word' id='word_1_74' title='bbox 1089 1849 1369 1947; x_wconf 83' lang='lat' dir='ltr'><strong>intemperantia</strong></span> <span class='ocrx_word' id='word_1_75' title='bbox 1388 1847 1475 1921; x_wconf 87' lang='lat' dir='ltr'><strong>satis</strong></span> <span class='ocrx_word' id='word_1_76' title='bbox 1494 1872 1606 1942; x_wconf 92' lang='lat' dir='ltr'><strong>super·</strong></span> 
     </span>
     <span class='ocr_line' id='line_1_13' title="bbox 479 1972 1609 2070; baseline -0.003 -26"><span class='ocrx_word' id='word_1_77' title='bbox 479 1996 549 2068; x_wconf 90' lang='lat' dir='ltr'><strong>que</strong></span> <span class='ocrx_word' id='word_1_78' title='bbox 579 1980 656 2045; x_wconf 90' lang='lat' dir='ltr'><strong>erat</strong></span> <span class='ocrx_word' id='word_1_79' title='bbox 689 1981 732 2045; x_wconf 89' lang='lat' dir='ltr'><strong>ut</strong></span> <span class='ocrx_word' id='word_1_80' title='bbox 764 1975 905 2069; x_wconf 87' lang='lat' dir='ltr'><strong>Septem</strong></span> <span class='ocrx_word' id='word_1_81' title='bbox 931 1976 1039 2048; x_wconf 89' lang='lat' dir='ltr'><strong>etiarn</strong></span> <span class='ocrx_word' id='word_1_82' title='bbox 1068 1976 1308 2070; x_wconf 75' lang='lat' dir='ltr'><strong>sapientibus,</strong></span> <span class='ocrx_word' id='word_1_83' title='bbox 1332 1972 1462 2046; x_wconf 91' lang='lat' dir='ltr'><strong>nedum</strong></span> <span class='ocrx_word' id='word_1_84' title='bbox 1479 1972 1609 2044; x_wconf 91' lang='lat' dir='ltr'><strong>misello</strong></span> 
     </span>
     <span class='ocr_line' id='line_1_14' title="bbox 481 2096 1040 2192; baseline 0.005 -24"><span class='ocrx_word' id='word_1_85' title='bbox 481 2096 625 2192; x_wconf 83' lang='lat' dir='ltr'><strong>aurigae,</strong></span> <span class='ocrx_word' id='word_1_86' title='bbox 649 2099 830 2171; x_wconf 88' lang='lat' dir='ltr'><strong>cerebrum</strong></span> <span class='ocrx_word' id='word_1_87' title='bbox 851 2107 1009 2171; x_wconf 86' lang='lat' dir='ltr'><strong>moveret</strong></span> <span class='ocrx_word' id='word_1_88' title='bbox 1031 2125 1040 2171; x_wconf 75' lang='grc' dir='ltr'>ε</span> 
     </span>
    </p>

    <p class='ocr_par' dir='ltr' id='par_1_6' title="bbox 482 2209 1616 2443">
     <span class='ocr_line' id='line_1_15' title="bbox 531 2209 1616 2319; baseline 0 -30"><span class='ocrx_word' id='word_1_89' title='bbox 531 2209 559 2291; x_wconf 66' lang='lat' dir='ltr'><strong>«x</strong></span> <span class='ocrx_word' id='word_1_90' title='bbox 570 2221 761 2293; x_wconf 83' lang='lat' dir='ltr'><strong>Anchisem</strong></span> <span class='ocrx_word' id='word_1_91' title='bbox 781 2222 970 2317; x_wconf 86' lang='lat' dir='ltr'><strong>Cytherea,</strong></span> <span class='ocrx_word' id='word_1_92' title='bbox 993 2223 1218 2319; x_wconf 83' lang='lat' dir='ltr'><strong>Endymione</strong></span> <span class='ocrx_word' id='word_1_93' title='bbox 1238 2222 1358 2296; x_wconf 89' lang='lat' dir='ltr'><strong>Diana</strong></span> <span class='ocrx_word' id='word_1_94' title='bbox 1378 2222 1540 2294; x_wconf 86' lang='lat' dir='ltr'><strong>amavit:</strong></span> <span class='ocrx_word' id='word_1_95' title='bbox 1563 2219 1616 2290; x_wconf 89' lang='lat' dir='ltr'><strong>ita</strong></span> 
     </span>
     <span class='ocr_line' id='line_1_16' title="bbox 482 2344 1197 2443; baseline -0.003 -27"><span class='ocrx_word' id='word_1_96' title='bbox 482 2367 576 2418; x_wconf 90' lang='lat' dir='ltr'><strong>nunc</strong></span> <span class='ocrx_word' id='word_1_97' title='bbox 595 2352 632 2417; x_wconf 89' lang='lat' dir='ltr'><strong>et</strong></span> <span class='ocrx_word' id='word_1_98' title='bbox 650 2344 810 2418; x_wconf 82' lang='lat' dir='ltr'><strong>Victoria</strong></span> <span class='ocrx_word' id='word_1_99' title='bbox 828 2345 1066 2442; x_wconf 80' lang='lat' dir='ltr'><strong>Porphyrium</strong></span> <span class='ocrx_word' id='word_1_100' title='bbox 1088 2345 1155 2443; x_wconf 79' lang='lat'><strong>(5).</strong></span> <span class='ocrx_word' id='word_1_101' title='bbox 1180 2373 1197 2415; x_wconf 81' lang='grc' dir='ltr'><strong>ν</strong></span> 
     </span>
    </p>
   </div>
   <div class='ocr_carea' id='block_1_3' title="bbox 356 2592 1620 2673">
    <p class='ocr_par' dir='ltr' id='par_1_7' title="bbox 356 2592 1620 2673">
     <span class='ocr_line' id='line_1_17' title="bbox 356 2592 1620 2673; baseline 0 -18"><span class='ocrx_word' id='word_1_102' title='bbox 356 2615 358 2619; x_wconf 94' lang='grc'><strong><em>·</em></strong></span> <span class='ocrx_word' id='word_1_103' title='bbox 479 2599 620 2656; x_wconf 87' lang='lat' dir='ltr'><strong>illustrem</strong></span> <span class='ocrx_word' id='word_1_104' title='bbox 640 2598 739 2668; x_wconf 83' lang='lat' dir='ltr'><strong>fuisse,</strong></span> <span class='ocrx_word' id='word_1_105' title='bbox 759 2600 941 2672; x_wconf 86' lang='lat' dir='ltr'><strong>principique</strong></span> <span class='ocrx_word' id='word_1_106' title='bbox 961 2599 1099 2656; x_wconf 81' lang='lat' dir='ltr'><strong>adversus</strong></span> <span class='ocrx_word' id='word_1_107' title='bbox 1118 2601 1216 2658; x_wconf 88' lang='lat' dir='ltr'><strong>nescio</strong></span> <span class='ocrx_word' id='word_1_108' title='bbox 1236 2617 1322 2673; x_wconf 91' lang='lat' dir='ltr'><strong>quem</strong></span> <span class='ocrx_word' id='word_1_109' title='bbox 1341 2605 1539 2672; x_wconf 87' lang='lat' dir='ltr'><strong>usurpatorem</strong></span> <span class='ocrx_word' id='word_1_110' title='bbox 1559 2592 1620 2666; x_wconf 72' lang='lat' dir='ltr'><strong>(Ze-</strong></span> 
     </span>
    </p>
   </div>
   <div class='ocr_carea' id='block_1_4' title="bbox 479 2681 1617 3421">
    <p class='ocr_par' dir='ltr' id='par_1_8' title="bbox 479 2681 1617 2838">
     <span class='ocr_line' id='line_1_18' title="bbox 479 2681 1617 2757; baseline 0 -18"><span class='ocrx_word' id='word_1_111' title='bbox 479 2687 547 2740; x_wconf 84' lang='lat' dir='ltr'><strong>noni</strong></span> <span class='ocrx_word' id='word_1_112' title='bbox 563 2683 657 2740; x_wconf 78' lang='lat' dir='ltr'><strong>forsan</strong></span> <span class='ocrx_word' id='word_1_113' title='bbox 668 2683 807 2739; x_wconf 85' lang='lat' dir='ltr'><strong>edversus</strong></span> <span class='ocrx_word' id='word_1_114' title='bbox 820 2685 996 2751; x_wconf 74' lang='lat' dir='ltr'><strong>basiliscum)</strong></span> <span class='ocrx_word' id='word_1_115' title='bbox 1009 2702 1075 2757; x_wconf 77' lang='lat' dir='ltr'><strong>curn</strong></span> <span class='ocrx_word' id='word_1_116' title='bbox 1090 2685 1199 2741; x_wconf 84' lang='lat' dir='ltr'><strong>oaeteris</strong></span> <span class='ocrx_word' id='word_1_117' title='bbox 1212 2684 1337 2742; x_wconf 88' lang='lat' dir='ltr'><strong>Prasinis</strong></span> <span class='ocrx_word' id='word_1_118' title='bbox 1348 2685 1515 2740; x_wconf 84' lang='lat' dir='ltr'><strong>auxiliatum</strong></span> <span class='ocrx_word' id='word_1_119' title='bbox 1527 2681 1617 2739; x_wconf 83' lang='lat' dir='ltr'><strong>fuisse</strong></span> 
     </span>
     <span class='ocr_line' id='line_1_19' title="bbox 481 2764 1489 2838; baseline -0.002 -16"><span class='ocrx_word' id='word_1_120' title='bbox 481 2773 625 2822; x_wconf 88' lang='lat' dir='ltr'><strong>testantur</strong></span> <span class='ocrx_word' id='word_1_121' title='bbox 637 2765 853 2836; x_wconf 84' lang='lat' dir='ltr'><strong>Epigrammata</strong></span> <span class='ocrx_word' id='word_1_122' title='bbox 868 2764 912 2830; x_wconf 74' lang='lat' dir='ltr'><strong>tl,</strong></span> <span class='ocrx_word' id='word_1_123' title='bbox 928 2765 972 2834; x_wconf 65' lang='grc' dir='ltr'>ΙΙ,</span> <span class='ocrx_word' id='word_1_124' title='bbox 990 2765 1033 2822; x_wconf 85' lang='grc'><strong>30.</strong></span> <span class='ocrx_word' id='word_1_125' title='bbox 1046 2766 1169 2834; x_wconf 87' lang='lat' dir='ltr'><strong>Brunck,</strong></span> <span class='ocrx_word' id='word_1_126' title='bbox 1185 2775 1205 2821; x_wconf 92' lang='lat' dir='ltr'><strong>t.</strong></span> <span class='ocrx_word' id='word_1_127' title='bbox 1221 2766 1265 2831; x_wconf 91' lang='grc' dir='ltr'>ΙΙΙ,</span> <span class='ocrx_word' id='word_1_128' title='bbox 1281 2783 1309 2838; x_wconf 94' lang='lat' dir='ltr'><strong>p.</strong></span> <span class='ocrx_word' id='word_1_129' title='bbox 1324 2765 1489 2822; x_wconf 71' lang='lat' dir='ltr'><strong>etaetatis.</strong></span> 
     </span>
    </p>

    <p class='ocr_par' dir='ltr' id='par_1_9' title="bbox 480 2845 1617 3421">
     <span class='ocr_line' id='line_1_20' title="bbox 517 2845 1617 2921; baseline 0.001 -20"><span class='ocrx_word' id='word_1_130' title='bbox 517 2845 561 2901; x_wconf 82' lang='lat' dir='ltr'><strong>An</strong></span> <span class='ocrx_word' id='word_1_131' title='bbox 574 2845 650 2901; x_wconf 90' lang='lat' dir='ltr'><strong>idem</strong></span> <span class='ocrx_word' id='word_1_132' title='bbox 663 2845 718 2901; x_wconf 84' lang='lat' dir='ltr'><strong>luit</strong></span> <span class='ocrx_word' id='word_1_133' title='bbox 732 2845 905 2919; x_wconf 89' lang='lat' dir='ltr'><strong>Porphyrius</strong></span> <span class='ocrx_word' id='word_1_134' title='bbox 915 2857 1002 2920; x_wconf 77' lang='lat' dir='ltr'><strong>atque</strong></span> <span class='ocrx_word' id='word_1_135' title='bbox 1017 2848 1156 2921; x_wconf 84' lang='lat' dir='ltr'><strong>Calliopes</strong></span> <span class='ocrx_word' id='word_1_136' title='bbox 1170 2848 1229 2916; x_wconf 88' lang='lat' dir='ltr'><strong>ille,</strong></span> <span class='ocrx_word' id='word_1_137' title='bbox 1243 2848 1392 2904; x_wconf 81' lang='lat' dir='ltr'><strong>Anastasio</strong></span> <span class='ocrx_word' id='word_1_138' title='bbox 1413 2855 1575 2903; x_wconf 79' lang='lat' dir='ltr'><strong>coaetaneus</strong></span> <span class='ocrx_word' id='word_1_139' title='bbox 1588 2855 1617 2902; x_wconf 87' lang='lat' dir='ltr'><strong>et</strong></span> 
     </span>
     <span class='ocr_line' id='line_1_21' title="bbox 480 2929 1616 3006; baseline -0.001 -20"><span class='ocrx_word' id='word_1_140' title='bbox 480 2929 725 2987; x_wconf 80' lang='lat' dir='ltr'><strong>Antiocheaarum</strong></span> <span class='ocrx_word' id='word_1_141' title='bbox 749 2930 924 2998; x_wconf 79' lang='lat' dir='ltr'><strong>seditionum</strong></span> <span class='ocrx_word' id='word_1_142' title='bbox 944 2933 1107 3004; x_wconf 81' lang='lat' dir='ltr'><strong>pracipuns</strong></span> <span class='ocrx_word' id='word_1_143' title='bbox 1129 2933 1290 3004; x_wconf 82' lang='lat' dir='ltr'><strong>instigator,</strong></span> <span class='ocrx_word' id='word_1_144' title='bbox 1310 2932 1420 3006; x_wconf 88' lang='lat' dir='ltr'><strong>dequo</strong></span> <span class='ocrx_word' id='word_1_145' title='bbox 1441 2932 1566 3001; x_wconf 88' lang='lat' dir='ltr'><strong>Malalas,</strong></span> <span class='ocrx_word' id='word_1_146' title='bbox 1587 2948 1616 3003; x_wconf 90' lang='lat' dir='ltr'><strong>p.</strong></span> 
     </span>
     <span class='ocr_line' id='line_1_22' title="bbox 481 3007 1617 3112; baseline 0.001 -42"><span class='ocrx_word' id='word_1_147' title='bbox 481 3014 543 3112; x_wconf 48' lang='lat'><strong>393</strong></span> <span class='ocrx_word' id='word_1_148' title='bbox 562 3017 714 3071; x_wconf 89' lang='lat' dir='ltr'><strong>incertum.</strong></span> <span class='ocrx_word' id='word_1_149' title='bbox 731 3014 781 3072; x_wconf 85' lang='lat' dir='ltr'><strong>Illa</strong></span> <span class='ocrx_word' id='word_1_150' title='bbox 797 3007 873 3074; x_wconf 81' lang='lat' dir='ltr'><strong>certe</strong></span> <span class='ocrx_word' id='word_1_151' title='bbox 890 3017 1098 3088; x_wconf 85' lang='lat' dir='ltr'><strong>epigrammata</strong></span> <span class='ocrx_word' id='word_1_152' title='bbox 1113 3016 1143 3072; x_wconf 94' lang='lat' dir='ltr'><strong>in</strong></span> <span class='ocrx_word' id='word_1_153' title='bbox 1153 3017 1343 3090; x_wconf 91' lang='lat' dir='ltr'><strong>Porphyrium</strong></span> <span class='ocrx_word' id='word_1_154' title='bbox 1356 3017 1387 3072; x_wconf 94' lang='lat' dir='ltr'><strong>in</strong></span> <span class='ocrx_word' id='word_1_155' title='bbox 1402 3015 1529 3088; x_wconf 89' lang='lat' dir='ltr'><strong>quodam</strong></span> <span class='ocrx_word' id='word_1_156' title='bbox 1547 3033 1617 3089; x_wconf 87' lang='lat' dir='ltr'><strong>qua·</strong></span> 
     </span>
     <span class='ocr_line' id='line_1_23' title="bbox 481 3098 1615 3174; baseline 0.001 -20"><span class='ocrx_word' id='word_1_157' title='bbox 481 3098 646 3171; x_wconf 88' lang='lat' dir='ltr'><strong>drangulari</strong></span> <span class='ocrx_word' id='word_1_158' title='bbox 672 3111 863 3158; x_wconf 86' lang='lat' dir='ltr'><strong>monumento</strong></span> <span class='ocrx_word' id='word_1_159' title='bbox 884 3102 1023 3174; x_wconf 90' lang='lat' dir='ltr'><strong>inscripta</strong></span> <span class='ocrx_word' id='word_1_160' title='bbox 1044 3102 1133 3171; x_wconf 84' lang='lat' dir='ltr'><strong>foere,</strong></span> <span class='ocrx_word' id='word_1_161' title='bbox 1159 3101 1259 3157; x_wconf 86' lang='lat' dir='ltr'><strong>multis</strong></span> <span class='ocrx_word' id='word_1_162' title='bbox 1284 3102 1448 3174; x_wconf 85' lang='lat' dir='ltr'><strong>anaglyptis</strong></span> <span class='ocrx_word' id='word_1_163' title='bbox 1475 3102 1615 3168; x_wconf 85' lang='lat' dir='ltr'><strong>decorata,</strong></span> 
     </span>
     <span class='ocr_line' id='line_1_24' title="bbox 481 3182 1613 3258; baseline 0 -21"><span class='ocrx_word' id='word_1_164' title='bbox 481 3183 572 3255; x_wconf 91' lang='lat' dir='ltr'><strong>ipsam</strong></span> <span class='ocrx_word' id='word_1_165' title='bbox 586 3182 735 3257; x_wconf 90' lang='lat' dir='ltr'><strong>Porphyrii</strong></span> <span class='ocrx_word' id='word_1_166' title='bbox 748 3185 903 3256; x_wconf 88' lang='lat' dir='ltr'><strong>imaginem</strong></span> <span class='ocrx_word' id='word_1_167' title='bbox 918 3185 1120 3258; x_wconf 89' lang='lat' dir='ltr'><strong>quadrigarum</strong></span> <span class='ocrx_word' id='word_1_168' title='bbox 1134 3201 1302 3250; x_wconf 86' lang='lat' dir='ltr'><strong>concursus,</strong></span> <span class='ocrx_word' id='word_1_169' title='bbox 1318 3189 1504 3257; x_wconf 69' lang='lat' dir='ltr'><strong>praemiorum</strong></span> <span class='ocrx_word' id='word_1_170' title='bbox 1525 3185 1613 3241; x_wconf 88' lang='lat' dir='ltr'><strong>distri-</strong></span> 
     </span>
     <span class='ocr_line' id='line_1_25' title="bbox 480 3263 1612 3340; baseline 0 -22"><span class='ocrx_word' id='word_1_171' title='bbox 480 3263 630 3318; x_wconf 90' lang='lat' dir='ltr'><strong>butionem</strong></span> <span class='ocrx_word' id='word_1_172' title='bbox 652 3267 892 3338; x_wconf 84' lang='lat' dir='ltr'><strong>exprimentibus.</strong></span> <span class='ocrx_word' id='word_1_173' title='bbox 922 3267 1001 3331; x_wconf 89' lang='lat' dir='ltr'><strong>Quod</strong></span> <span class='ocrx_word' id='word_1_174' title='bbox 1024 3275 1248 3322; x_wconf 84' lang='lat' dir='ltr'><strong>monumentum</strong></span> <span class='ocrx_word' id='word_1_175' title='bbox 1272 3267 1457 3323; x_wconf 91' lang='lat' dir='ltr'><strong>nuncetiam</strong></span> <span class='ocrx_word' id='word_1_176' title='bbox 1479 3273 1612 3340; x_wconf 88' lang='lat' dir='ltr'><strong>superest.</strong></span> 
     </span>
     <span class='ocr_line' id='line_1_26' title="bbox 482 3345 1245 3421; baseline 0.001 -19"><span class='ocrx_word' id='word_1_177' title='bbox 482 3345 580 3402; x_wconf 79' lang='lat' dir='ltr'><strong>Albert</strong></span> <span class='ocrx_word' id='word_1_178' title='bbox 591 3346 730 3413; x_wconf 83' lang='lat' dir='ltr'><strong>Damont,</strong></span> <span class='ocrx_word' id='word_1_179' title='bbox 742 3350 776 3402; x_wconf 80' lang='lat' dir='ltr'><strong>lc</strong></span> <span class='ocrx_word' id='word_1_180' title='bbox 791 3351 881 3402; x_wconf 76' lang='lat' dir='ltr'><strong>Museo</strong></span> <span class='ocrx_word' id='word_1_181' title='bbox 895 3349 928 3403; x_wconf 81' lang='lat' dir='ltr'><strong>dc</strong></span> <span class='ocrx_word' id='word_1_182' title='bbox 941 3349 1143 3414; x_wconf 74' lang='lat' dir='ltr'><strong>Scinio-Irim,</strong></span> <span class='ocrx_word' id='word_1_183' title='bbox 1156 3365 1185 3421; x_wconf 90' lang='lat' dir='ltr'><strong>p.</strong></span> <span class='ocrx_word' id='word_1_184' title='bbox 1202 3348 1245 3405; x_wconf 82' lang='lat'><strong>19.</strong></span> 
     </span>
    </p>
   </div>
   <div class='ocr_carea' id='block_1_5' title="bbox 466 3440 1613 3613">
    <p class='ocr_par' dir='ltr' id='par_1_10' title="bbox 466 3440 1613 3613">
     <span class='ocr_line' id='line_1_27' title="bbox 466 3440 1613 3526; baseline 0.003 -32"><span class='ocrx_word' id='word_1_185' title='bbox 466 3469 473 3476; x_wconf 94' lang='lat'><em>-</em></span> <span class='ocrx_word' id='word_1_186' title='bbox 519 3440 555 3507; x_wconf 84' lang='grc' dir='ltr'><strong>(Ι)</strong></span> <span class='ocrx_word' id='word_1_187' title='bbox 569 3440 731 3510; x_wconf 71' lang='lat' dir='ltr'><strong>anthologia</strong></span> <span class='ocrx_word' id='word_1_188' title='bbox 747 3459 844 3512; x_wconf 67' lang='lat' dir='ltr'><strong>uraca,</strong></span> <span class='ocrx_word' id='word_1_189' title='bbox 859 3441 927 3498; x_wconf 82' lang='lat' dir='ltr'><strong>edit.</strong></span> <span class='ocrx_word' id='word_1_190' title='bbox 942 3443 1067 3513; x_wconf 82' lang='lat' dir='ltr'><strong>Brunck,</strong></span> <span class='ocrx_word' id='word_1_191' title='bbox 1087 3451 1108 3501; x_wconf 90' lang='lat' dir='ltr'><strong>t.</strong></span> <span class='ocrx_word' id='word_1_192' title='bbox 1123 3443 1169 3514; x_wconf 92' lang='lat' dir='ltr'><strong>Ill,</strong></span> <span class='ocrx_word' id='word_1_193' title='bbox 1184 3460 1213 3517; x_wconf 88' lang='lat' dir='ltr'><strong>p.</strong></span> <span class='ocrx_word' id='word_1_194' title='bbox 1230 3442 1361 3501; x_wconf 72' lang='lat' dir='ltr'><strong>aas-254.</strong></span> <span class='ocrx_word' id='word_1_195' title='bbox 1382 3476 1412 3526; x_wconf 78' lang='lat'><strong>&#39;.·</strong></span> <span class='ocrx_word' id='word_1_196' title='bbox 1428 3444 1501 3502; x_wconf 88' lang='lat' dir='ltr'><strong>Edit.</strong></span> <span class='ocrx_word' id='word_1_197' title='bbox 1516 3443 1613 3501; x_wconf 82' lang='lat' dir='ltr'><strong>Jacobs</strong></span> 
     </span>
     <span class='ocr_line' id='line_1_28' title="bbox 486 3525 1300 3613; baseline 0.004 -33"><span class='ocrx_word' id='word_1_198' title='bbox 486 3525 598 3596; x_wconf 85' lang='lat' dir='ltr'><strong>t.11,p.</strong></span> <span class='ocrx_word' id='word_1_199' title='bbox 613 3525 664 3582; x_wconf 84' lang='grc'><strong>616</strong></span> <span class='ocrx_word' id='word_1_200' title='bbox 679 3535 780 3601; x_wconf 88' lang='lat' dir='ltr'><strong>etseq.</strong></span> <span class='ocrx_word' id='word_1_201' title='bbox 797 3559 828 3568; x_wconf 82' lang='lat'><em>—</em></span> <span class='ocrx_word' id='word_1_202' title='bbox 845 3528 981 3600; x_wconf 84' lang='lat' dir='ltr'><strong>Randuri,</strong></span> <span class='ocrx_word' id='word_1_203' title='bbox 992 3532 1066 3600; x_wconf 85' lang='lat' dir='ltr'><strong>Imp.</strong></span> <span class='ocrx_word' id='word_1_204' title='bbox 1083 3531 1193 3613; x_wconf 75' lang='lat' dir='ltr'><strong>orient.</strong></span> <span class='ocrx_word' id='word_1_205' title='bbox 1209 3530 1228 3585; x_wconf 94' lang='lat' dir='ltr'><strong>l.</strong></span> <span class='ocrx_word' id='word_1_206' title='bbox 1242 3528 1300 3586; x_wconf 89' lang='lat' dir='ltr'><strong>Vll.</strong></span> 
     </span>
    </p>
   </div>
   <div class='ocr_carea' id='block_1_6' title="bbox 426 3626 1337 3810">
    <p class='ocr_par' dir='ltr' id='par_1_11' title="bbox 426 3626 1337 3810">
     <span class='ocr_line' id='line_1_29' title="bbox 523 3626 1183 3702; baseline -0.009 -15"><span class='ocrx_word' id='word_1_207' title='bbox 523 3632 558 3702; x_wconf 70' lang='lat' dir='ltr'><strong>tl)</strong></span> <span class='ocrx_word' id='word_1_208' title='bbox 572 3631 706 3688; x_wconf 76' lang='grc' dir='ltr'>Καλλιόπα</span> <span class='ocrx_word' id='word_1_209' title='bbox 719 3635 805 3698; x_wconf 80' lang='grc' dir='ltr'><strong><em>ζαθέας</em></strong></span> <span class='ocrx_word' id='word_1_210' title='bbox 819 3626 912 3699; x_wconf 82' lang='lat' dir='ltr'><strong>Epigr.</strong></span> <span class='ocrx_word' id='word_1_211' title='bbox 930 3626 973 3694; x_wconf 87' lang='grc'><strong>30,</strong></span> <span class='ocrx_word' id='word_1_212' title='bbox 989 3644 1017 3684; x_wconf 79' lang='lat' dir='ltr'><strong>V.</strong></span> <span class='ocrx_word' id='word_1_213' title='bbox 1032 3627 1060 3694; x_wconf 67' lang='lat'><strong>2,</strong></span> <span class='ocrx_word' id='word_1_214' title='bbox 1075 3645 1103 3699; x_wconf 89' lang='lat' dir='ltr'><strong>p.</strong></span> <span class='ocrx_word' id='word_1_215' title='bbox 1120 3627 1183 3683; x_wconf 67' lang='grc' dir='ltr'><strong>ί245.</strong></span> 
     </span>
     <span class='ocr_line' id='line_1_30' title="bbox 426 3712 1337 3810; baseline -0.008 -20"><span class='ocrx_word' id='word_1_216' title='bbox 426 3781 428 3790; x_wconf 81' lang='lat'><strong>.</strong></span> <span class='ocrx_word' id='word_1_217' title='bbox 522 3735 560 3806; x_wconf 78' lang='grc'><strong>(3)</strong></span> <span class='ocrx_word' id='word_1_218' title='bbox 578 3712 669 3806; x_wconf 69' lang='lat' dir='ltr'><strong>lpum</strong></span> <span class='ocrx_word' id='word_1_219' title='bbox 683 3735 867 3810; x_wconf 69' lang='grc' dir='ltr'><strong>Κωνσταντίνε·</strong></span> <span class='ocrx_word' id='word_1_220' title='bbox 885 3731 963 3785; x_wconf 77' lang='grc' dir='ltr'><strong>θανεῖν</strong></span> <span class='ocrx_word' id='word_1_221' title='bbox 976 3725 1003 3782; x_wconf 83' lang='grc' dir='ltr'><strong>δὲ</strong></span> <span class='ocrx_word' id='word_1_222' title='bbox 1017 3749 1045 3783; x_wconf 82' lang='grc' dir='ltr'><strong>σε</strong></span> <span class='ocrx_word' id='word_1_223' title='bbox 1057 3732 1092 3806; x_wconf 74' lang='grc' dir='ltr'><strong>μὴ</strong></span> <span class='ocrx_word' id='word_1_224' title='bbox 1107 3749 1145 3792; x_wconf 78' lang='grc' dir='ltr'><strong>τις</strong></span> <span class='ocrx_word' id='word_1_225' title='bbox 1159 3728 1257 3806; x_wconf 70' lang='grc' dir='ltr'><strong>ἐνίσπῃ·</strong></span> <span class='ocrx_word' id='word_1_226' title='bbox 1335 3793 1337 3798; x_wconf 25' lang='lat'><strong><em>¹</em></strong></span> 
     </span>
    </p>
   </div>
   <div class='ocr_carea' id='block_1_7' title="bbox 590 3825 1162 3915">
    <p class='ocr_par' dir='ltr' id='par_1_12' title="bbox 590 3825 1162 3915">
     <span class='ocr_line' id='line_1_31' title="bbox 590 3825 1162 3915; baseline 0 -21"><span class='ocrx_word' id='word_1_227' title='bbox 590 3846 645 3895; x_wconf 86' lang='grc' dir='ltr'><strong>Των</strong></span> <span class='ocrx_word' id='word_1_228' title='bbox 659 3859 710 3915; x_wconf 70' lang='grc' dir='ltr'><strong>γαρ</strong></span> <span class='ocrx_word' id='word_1_229' title='bbox 723 3839 844 3898; x_wconf 74' lang='grc' dir='ltr'><strong>ἀνικήτων</strong></span> <span class='ocrx_word' id='word_1_230' title='bbox 858 3836 978 3909; x_wconf 61' lang='lat' dir='ltr'><strong>iuratur,</strong></span> <span class='ocrx_word' id='word_1_231' title='bbox 993 3827 1058 3908; x_wconf 80' lang='grc' dir='ltr'>οὐδ’,</span> <span class='ocrx_word' id='word_1_232' title='bbox 1075 3825 1162 3899; x_wconf 66' lang='lat' dir='ltr'><strong>ittae.</strong></span> 
     </span>
    </p>
   </div>
   <div class='ocr_carea' id='block_1_8' title="bbox 1002 3935 1278 4009">
    <p class='ocr_par' dir='ltr' id='par_1_13' title="bbox 1002 3935 1278 4009">
     <span class='ocr_line' id='line_1_32' title="bbox 1002 3935 1278 4009; baseline -0.007 -17"><span class='ocrx_word' id='word_1_233' title='bbox 1002 3936 1096 4009; x_wconf 87' lang='lat' dir='ltr'><strong>Epigr.</strong></span> <span class='ocrx_word' id='word_1_234' title='bbox 1114 3935 1156 4008; x_wconf 81' lang='lat'><strong>45,</strong></span> <span class='ocrx_word' id='word_1_235' title='bbox 1173 3953 1201 4009; x_wconf 92' lang='lat' dir='ltr'><strong>p.</strong></span> <span class='ocrx_word' id='word_1_236' title='bbox 1215 3935 1278 3992; x_wconf 73' lang='lat'><strong>249.</strong></span> 
     </span>
    </p>
   </div>
   <div class='ocr_carea' id='block_1_9' title="bbox 524 4052 1085 4130">
    <p class='ocr_par' dir='ltr' id='par_1_14' title="bbox 524 4052 1085 4130">
     <span class='ocr_line' id='line_1_33' title="bbox 524 4052 1085 4130; baseline -0.012 -15"><span class='ocrx_word' id='word_1_237' title='bbox 524 4062 561 4128; x_wconf 76' lang='grc' dir='ltr'><strong>(Ι)</strong></span> <span class='ocrx_word' id='word_1_238' title='bbox 575 4056 754 4130; x_wconf 82' lang='lat' dir='ltr'><strong>Epigramma</strong></span> <span class='ocrx_word' id='word_1_239' title='bbox 771 4054 814 4120; x_wconf 79' lang='grc' dir='ltr'>ΙΙ,</span> <span class='ocrx_word' id='word_1_240' title='bbox 829 4052 954 4120; x_wconf 87' lang='lat' dir='ltr'><strong>Brunck,</strong></span> <span class='ocrx_word' id='word_1_241' title='bbox 967 4071 996 4127; x_wconf 89' lang='lat' dir='ltr'><strong>p.</strong></span> <span class='ocrx_word' id='word_1_242' title='bbox 1010 4053 1063 4109; x_wconf 73' lang='lat'><strong>248</strong></span> <span class='ocrx_word' id='word_1_243' title='bbox 1078 4075 1085 4108; x_wconf 91' lang='lat'>:</span> 
     </span>
    </p>
   </div>
   <div class='ocr_carea' id='block_1_10' title="bbox 801 4197 1309 4368">
    <p class='ocr_par' dir='ltr' id='par_1_15' title="bbox 801 4197 1309 4368">
     <span class='ocr_line' id='line_1_34' title="bbox 843 4197 1199 4272; baseline 0.006 -22"><span class='ocrx_word' id='word_1_244' title='bbox 843 4197 1034 4272; x_wconf 77' lang='grc' dir='ltr'><strong>....ἀαμνὴστῳ</strong></span> <span class='ocrx_word' id='word_1_245' title='bbox 1051 4199 1102 4250; x_wconf 78' lang='grc' dir='ltr'><strong>τινὶ</strong></span> <span class='ocrx_word' id='word_1_246' title='bbox 1119 4197 1199 4272; x_wconf 65' lang='grc' dir='ltr'><strong>θυμῷ</strong></span> 
     </span>
     <span class='ocr_line' id='line_1_35' title="bbox 801 4287 1309 4368; baseline -0.006 -21"><span class='ocrx_word' id='word_1_247' title='bbox 801 4299 881 4368; x_wconf 75' lang='grc' dir='ltr'><strong>Δῆμος</strong></span> <span class='ocrx_word' id='word_1_248' title='bbox 889 4295 930 4348; x_wconf 81' lang='grc' dir='ltr'><strong>καὶ</strong></span> <span class='ocrx_word' id='word_1_249' title='bbox 944 4291 1061 4367; x_wconf 75' lang='grc' dir='ltr'><strong>βασιλεὺς</strong></span> <span class='ocrx_word' id='word_1_250' title='bbox 1074 4287 1176 4366; x_wconf 71' lang='grc' dir='ltr'><strong>ἵδρυσαν</strong></span> <span class='ocrx_word' id='word_1_251' title='bbox 1189 4290 1309 4366; x_wconf 74' lang='grc' dir='ltr'><strong>ἁζόμενοι.</strong></span> 
     </span>
    </p>
   </div>
   <div class='ocr_carea' id='block_1_11' title="bbox 528 4428 1057 4513">
    <p class='ocr_par' dir='ltr' id='par_1_16' title="bbox 528 4428 1057 4513">
     <span class='ocr_line' id='line_1_36' title="bbox 528 4428 1057 4513; baseline -0.008 -24"><span class='ocrx_word' id='word_1_252' title='bbox 528 4433 761 4513; x_wconf 64' lang='lat' dir='ltr'><strong>(bylipigramma</strong></span> <span class='ocrx_word' id='word_1_253' title='bbox 772 4429 797 4500; x_wconf 85' lang='lat'><strong>3,</strong></span> <span class='ocrx_word' id='word_1_254' title='bbox 813 4429 935 4500; x_wconf 83' lang='lat' dir='ltr'><strong>Brunch,</strong></span> <span class='ocrx_word' id='word_1_255' title='bbox 951 4445 978 4502; x_wconf 93' lang='lat' dir='ltr'><strong>p.</strong></span> <span class='ocrx_word' id='word_1_256' title='bbox 995 4428 1057 4486; x_wconf 74' lang='lat'><strong>239.</strong></span> 
     </span>
    </p>
   </div>
   <div class='ocr_carea' id='block_1_12' title="bbox 0 0 1824 5652">
    <p class='ocr_par' dir='ltr' id='par_1_17' title="bbox 0 0 1824 5652">
     <span class='ocr_line' id='line_1_37' title="bbox 0 0 1824 5652; baseline 0 0"><span class='ocrx_word' id='word_1_257' title='bbox 0 0 1824 5652; x_wconf 95' lang='lat' dir='ltr'><strong> </strong></span> 
     </span>
    </p>
   </div>
  </div>
 </body>
</html>
