3630 5660
706 539 820 592 csrur
847 541 871 591 a
1329 525 1372 595 23

225 667 381 740 zantinis
408 671 575 762 βασιλεὺσιν
595 667 771 739 adfuere:
804 668 932 740 horum
957 694 1071 760 nemo,
1094 663 1136 742 ut
1162 674 1295 766 priores
1314 673 1374 746 illi

224 791 398 885 Augusti,
425 791 721 886 praetorianorum
754 791 873 864 decem
905 793 1022 864 millia
1052 793 1096 865 ad
1124 818 1272 866 manum
1304 796 1372 867 ha-

225 913 306 985 buit
340 911 412 1009 (1);
451 920 486 984 2⁰
516 913 678 986 Liberior
711 914 872 986 Romana
899 940 1007 1010 quam
1039 918 1243 1013 Byzantina
1270 919 1370 1013 plebs

227 1036 267 1108 in
300 1036 373 1108 suis
407 1059 492 1130 erga
519 1036 663 1130 aurigas
698 1034 887 1108 affectibus
922 1037 1032 1109 fuisse
1064 1039 1235 1129 videtur3
1271 1039 1371 1112 furor

228 1160 350 1254 itaque
388 1159 578 1231 theatralis
619 1159 878 1250 Romanorum,
915 1161 1138 1256 principibus
1171 1187 1251 1234 suos
1284 1163 1371 1259 ipsis

231 1283 375 1355 affectus
411 1283 702 1373 moderantibus,
739 1283 837 1353 intra
867 1282 984 1375 justos
1021 1285 1181 1356 constitit
1212 1286 1345 1358 limites
1357 1311 1368 1377 ;

229 1405 396 1504 Byzantii
428 1414 559 1496 autem,
590 1404 714 1477 edictis
740 1405 995 1499 imperatorum
1022 1407 1198 1496 irritatus,
1230 1407 1269 1478 in
1290 1416 1371 1479 tan-

229 1538 306 1602 tum
320 1528 479 1601 excrevit
493 1535 534 1599 ut
552 1525 645 1646 pihil
666 1549 736 1595 non
758 1526 982 1624 auderetlal.
1003 1528 1241 1602 Obscuratum
1260 1531 1373 1625 igitur

231 1678 252 1724 a
278 1650 490 1749 Byzantinis
516 1650 759 1721 Romanarum
787 1648 985 1722 factionum
1012 1652 1143 1741 decus3
1177 1653 1269 1723 solas
1298 1652 1373 1724 fere

230 1775 452 1872 Byzantinos
486 1771 637 1843 historia
670 1772 783 1844 novit.
820 1773 1037 1846 Venetorum
1070 1798 1110 1846 ac
1143 1775 1373 1847 l'rasincrum

232 1897 379 1970 nomina
417 1919 487 1966 non
524 1894 655 1967 veteris
681 1895 811 1985 Romae,
846 1896 906 1968 sed
939 1895 1268 1992 Constantinopolis
1298 1922 1371 1968 me-

232 2021 352 2094 moriae
383 2045 423 2092 ac
461 2019 595 2091 nomini
629 2018 807 2090 adhaerere
844 2019 1026 2090 videntur.
1061 2019 1173 2090 Roma
1201 2019 1374 2091 oriundus

232 2147 332 2218 furor
352 2144 447 2238 apud
459 2141 678 2239 Byzantinos
695 2141 781 2212 adeo
796 2141 994 2231 convaluit,
1016 2149 1058 2213 ut
1077 2142 1162 2236 ipsis
1181 2142 1373 2236 peculiaris

235 2293 275 2340 ac
306 2266 450 2360 gentilis
470 2259 546 2336 esse'
575 2263 753 2336 credatur.
776 2263 868 2333 Baro
894 2262 988 2356 apud
1015 2261 1240 2354 Martialem,
1262 2265 1373 2337 Juve-

234 2390 370 2479 nalem‚
391 2386 655 2474 Herodianum,
688 2384 855 2455 Historiae
887 2384 1058 2477 Augustae
1090 2386 1294 2480 scriptores,
1330 2386 1373 2458 de

234 2511 393 2584 Prasinis
425 2517 488 2582 aut
519 2509 665 2582 Venetis
698 2507 830 2578 mentio
864 2508 1043 2598 occurrit3
1079 2508 1140 2580 sed
1171 2509 1373 2581 eorumdem

237 2634 387 2708 audacia
411 2657 501 2727 saepe
520 2634 690 2703 subversa
709 2631 781 2702 fuit
799 2629 1140 2725 Constantinopolis
1165 2655 1373 2704 concussum

141 2764 149 2784 ⁶
236 2755 397 2852 aCyzico
414 2777 526 2849 usque
546 2754 591 2824 ad
602 2751 860 2826 Alexandriam
882 2760 987 2847 atque
1002 2752 1231 2825 Antiochiam
1245 2753 1372 2826 Orien-

236 2879 309 2951 tale
327 2878 528 2972 imperium,
550 2877 783 2968 Imperatores
799 2875 884 2944 elati
906 2882 969 2945 aut
987 2875 1113 2964 fracti;
1134 2900 1255 2948 eorum
1276 2877 1375 2948 fama

237 3001 351 3096 plenae
385 2999 534 3069 Patrum
564 2995 735 3084 homiliae,
769 2994 882 3088 plenae
914 2970 1088 3085 historia,
1119 2998 1216 3090 pleni
1244 3000 1372 3070 Proco-

236 3124 333 3219 piuS,
373 3120 566 3215 Agathias,
597 3116 848 3206 MarcellinuS,
881 3118 1075 3211 Euagrius,
1115 3113 1366 3214 Theophanes,

239 3249 445 3334 Simooatta,
467 3243 649 3315 Paschalis
669 3240 980 3335 Chronographus,
1004 3241 1196 3332 Cedrenus,
1219 3252 1286 3316 eto.

287 3368 392 3443 Unde
411 3368 470 3439 hic
493 3366 618 3437 furor?
644 3365 748 3438 Unde
778 3371 889 3436 tantae
908 3365 1029 3436 vires?
1055 3365 1163 3437 Multi
1194 3367 1375 3441 credidere

240 3486 1374 3587 nmmffifflfflfflmmmmffimmmmwmmmeoe

241 3615 370 3707 gratia,
391 3613 429 3684 in
449 3611 623 3686 factiones
638 3611 724 3681 adeo
745 3610 841 3682 inter
860 3633 896 3682 se
913 3609 1065 3682 infestas
1084 3611 1290 3701 discederet,
1309 3613 1379 3685 nisi

243 3735 380 3830 aliquid
395 3734 516 3828 magni
536 3733 684 3805 subhac
703 3732 860 3804 colorum
876 3733 1085 3805 diversitate
1102 3733 1282 3805 latuisset:
1306 3758 1377 3805 non

242 3858 397 3956 potuisse
423 3882 442 3930 e
471 3856 636 3951 fugitivis
659 3855 882 3950 hippicorum
906 3854 1073 3926 ludorum
1101 3855 1378 3928 solennitatibus

242 3992 318 4055 tam
350 3979 574 4052 contumacia
612 3978 706 4068 odia,
736 3987 772 4050 et
802 3986 976 4072 perpetua
1002 3978 1186 4067 instituta,
1222 3986 1258 4051 et
1288 3979 1377 4050 duos

243 4105 346 4202 quasi
365 4110 613 4198 permanentes
632 4099 819 4188 exercitus,
842 4099 982 4172 infestis
1002 4100 1112 4195 signis
1133 4125 1174 4172 ao
1194 4100 1370 4173 coloribus

245 4252 317 4300 sese
336 4231 582 4322 provocantes,
604 4223 643 4295 in
662 4222 846 4318 republica
865 4222 1052 4294 coaluisse.

283 4442 319 4508 (1)
333 4442 447 4508 llranse,
462 4443 508 4498 Die
523 4439 694 4508 Byzantina
708 4439 755 4492 des
768 4439 951 4501 Mitlclclters,
964 4453 992 4508 p.
1007 4435 1052 4493 86.

283 4525 319 4592 (2)
334 4526 447 4582 Erasme
456 4524 563 4590 lli'rller,
575 4527 611 4578 De
621 4524 837 4592 §salomontos
844 4526 867 4576 ct
878 4523 947 4580 luca
957 4523 1008 4576 ani
1022 4521 1137 4578 Tlrcodos
1145 4521 1214 4608 lapi,
1225 4525 1244 4573 t.
1253 4517 1285 4590 ll,
1296 4518 1376 4600 pao.
