3630 5660
433 499 481 587 48
716 521 763 571 nn
790 519 1019 574 cincunsmus
1044 519 1290 572 rncrronmus.

434 645 506 718 acti
525 645 720 736 occasione,
734 646 924 718 Theodora
942 648 1102 741 graviter
1119 648 1253 719 iratum
1271 647 1392 737 fuisse,
1409 645 1568 718 Maltha-

435 793 516 846 nem
526 777 659 860 autem,
673 769 791 841 invita
803 770 912 841 etiam
924 770 1119 862 Theodora,
1135 795 1153 843 e
1169 769 1569 842 manibusinimioorum

434 892 618 986 eripuisse.
645 893 688 963 In
713 891 880 964 Prasinos
905 892 1050 986 injuriae
1071 894 1209 984 furtim,
1236 893 1327 963 clam
1353 893 1571 986 Imperatore

434 1014 627 1108 praecipue,
649 1013 989 1087 committebantur:
1013 1015 1073 1086 sed
1093 1015 1185 1086 clam
1204 1016 1421 1109 Imperatore
1441 1037 1510 1084 non
1530 1012 1572 1084 li-

436 1139 540 1209 cebat
551 1137 668 1209 multa
678 1138 910 1230 committere,
922 1139 1053 1234 quippe
1070 1138 1144 1234 qui,
1160 1147 1249 1210 teste
1268 1139 1376 1210 etiam
1385 1137 1568 1233 Procopio,

436 1260 595 1332 omnium
614 1258 911 1353 vigilantissimus
929 1261 1122 1355 imperator
1141 1261 1330 1333 exstiterit.

487 1381 565 1454 Hoc
583 1405 696 1453 unum
711 1390 808 1453 certe
826 1405 956 1454 nomen
970 1383 1010 1453 in
1025 1381 1181 1453 medium
1190 1382 1343 1477 protulit
1355 1381 1547 1476 Procopius
1561 1404 1569 1452 :

438 1504 580 1577 Callisti
603 1503 641 1575 in
674 1527 812 1576 crucem
833 1506 903 1577 acti
936 1505 1083 1577 scilicet.
1112 1503 1280 1596 Ejusdem
1309 1503 1452 1576 Callisti
1477 1504 1573 1584 Era-

438 1627 551 1722 griuS,
592 1628 802 1722 Procopium
829 1627 1007 1717 imitatus,
1042 1628 1158 1699 fatum
1189 1627 1392 1722 deploravit
1403 1651 1413 1718 3
1449 1650 1575 1700 omnes

438 1751 714 1845 chronographi,
743 1751 954 1845 Procopium
992 1751 1256 1845 Evagriumque
1280 1751 1571 1842 transcribentes,

439 1896 552 1944 unum
593 1872 826 1968 eumdemque
860 1871 1051 1945 Callistum
1093 1872 1350 1944 lamentatione
1396 1873 1576 1967 prosecuti

440 1997 539 2063 sunt.
570 1989 651 2062 Non
680 1992 832 2063 alterum
860 2013 987 2076 nomen
1015 2015 1035 2061 a
1061 1991 1220 2085 quolibet
1238 1991 1431 2085 prolatum.

491 2115 546 2186 Ex
563 2114 688 2209 paucis
707 2113 827 2186 forsan
856 2114 972 2185 multa
1004 2113 1084 2203 sibi,
1122 2113 1301 2203 scrobis,
1322 2114 1428 2185 finxit
1447 2115 1577 2186 Proco-

441 2237 536 2331 pius.
554 2237 744 2311 Veteribus
763 2237 993 2308 Prasinorum
1011 2233 1101 2306 odiis
1117 2235 1336 2331 subscripsit.
1357 2237 1578 2311 Latitantem

444 2359 558 2453 igitur
571 2361 610 2432 in
623 2359 809 2432 Anacclotis
828 2359 1018 2431 Prasinum
1038 2361 1243 2431 caveamusl

492 2483 546 2555 De
576 2484 793 2556 Venetorum
825 2481 1023 2554 latrociniis
1057 2482 1152 2577 apud
1188 2484 1400 2578 Procopium
1434 2491 1580 2556 tantum

448 2605 569 2700 agitur
590 2630 597 2678 :
620 2630 730 2700 quare
750 2605 842 2677 nihil
862 2606 905 2676 de
923 2606 1154 2677 Prasinorum
1179 2604 1377 2678 violentia?
1397 2605 1485 2692 Quis
1504 2631 1579 2679 cre-

447 2726 511 2798 dat
542 2726 712 2819 majorem
754 2749 942 2798 numerum
981 2749 1002 2797 a
1033 2725 1170 2799 minore
1207 2750 1342 2820 semper
1375 2751 1580 2824 oppressum
1681 2777 1682 2782 =

447 2849 580 2921 fuisse?
608 2849 658 2920 At
690 2847 868 2942 Euagrius
895 2846 1063 2918 Prasinos
1092 2870 1232 2943 quoque
1257 2848 1373 2921 multa
1391 2851 1581 2923 latrocinia

449 2973 647 3045 exercuisse
665 2971 801 3043 fatetur
822 2970 833 3068 (
860 2970 889 3067 l.

499 3097 563 3170 IV.
584 3139 634 3149 -
647 3095 791 3186 Novies,
811 3103 874 3165 aut
890 3093 999 3165 etiam
1012 3093 1153 3187 saepius,
1172 3101 1346 3186 regnante
1359 3094 1579 3185 iustiniano,

450 3228 624 3292 commota
644 3218 812 3314 Byzantii
840 3218 941 3311 plebs
967 3217 1006 3287 in
1033 3215 1241 3288 seditionem
1268 3217 1403 3289 exarsit
1435 3243 1443 3290 :
1473 3226 1514 3290 ut
1540 3217 1583 3289 de

449 3341 734 3437 provincialibus
752 3339 908 3410 motibus
926 3345 1077 3409 taceam.
1502 3329 1505 3336 ’

500 3462 568 3536 His
588 3461 753 3534 omnibus
779 3459 1016 3532 seditionibus
1044 3482 1115 3538 non
1145 3460 1267 3531 eadem
1295 3484 1430 3554 semper
1461 3485 1580 3552 causa,

454 3596 517 3660 aut
545 3594 677 3659 natura
706 3593 743 3656 et
773 3584 876 3679 quasi
902 3584 1016 3678 figura
1048 3584 1131 3655 lirit.
1173 3582 1343 3669 Quaedam
1372 3585 1582 3656 rebellantis

455 3712 625 3784 adversus
643 3711 893 3804 imperatorem
914 3712 978 3777 aut
996 3703 1072 3796 ejus
1092 3704 1261 3776 officiales
1280 3705 1392 3800 plebis
1411 3706 1585 3778 insurrec-

453 3836 570 3907 tiones
589 3835 704 3922 fuere3
726 3829 889 3927 quaedam
909 3827 1002 3900 nihil
1022 3827 1092 3898 nisi
1110 3826 1308 3898 factionum
1332 3828 1427 3899 inter
1444 3852 1480 3900 se
1503 3850 1587 3898 con-

455 3956 681 4030 tendentium
700 3952 917 4042 certamina,
940 3949 1104 4045 quaedam
1122 3948 1288 4042 denique,
1317 3948 1421 4020 initio
1442 3949 1586 4043 quidem

489 4225 525 4296 (l)
552 4224 700 4294 Euagrius
726 4217 772 4288 IV,
801 4219 844 4286 32,
868 4235 896 4290 p.
922 4218 983 4274 lor.
1011 4217 1111 4273 «Hinc
1133 4218 1240 4274 lactum
1262 4225 1366 4282 estut,
1387 4213 1589 4286 relictapntria

455 4331 507 4370 sua
512 4353 566 4369 .....
579 4307 736 4366 viatoribus
745 4305 864 4362 insidias
876 4312 1019 4360 struerent
1030 4305 1198 4376 rapinasque
1209 4321 1241 4359 nc
1251 4303 1555 4374 caedesperpetrarent.
1573 4321 1587 4350 a

410 4435 411 4438 η
458 4429 487 4438 -
503 4395 632 4467 Theoph.
646 4411 678 4450 a.
696 4391 775 4459 6023,
793 4407 823 4462 p.
839 4390 891 4448 982
910 4408 915 4444 :
931 4389 1049 4459 Prasini,
1068 4389 1194 4444 occisum
1208 4387 1348 4460 Epagathi
1366 4385 1457 4441 filium
1471 4383 1588 4442 Venetis

455 4479 631 4559 objicientes,
644 4477 701 4550 ipsi
715 4493 783 4534 eum
799 4473 936 4532 occidisse
950 4481 1132 4530 accusantur.
