3630 5660
659 1045 813 1120 CAPUT
840 1046 910 1119 ΙΙΙ.

275 1271 324 1324 ΑΝ
341 1260 379 1326 τὰ
396 1256 468 1348 μέρη
487 1270 758 1322 nrssunmnurns
778 1271 906 1322 annun
925 1268 1160 1325 PUBLIOARUM
1180 1270 1293 1326 osnss

589 1391 782 1444 nnonouus
801 1393 971 1444 FUERINT.

267 1626 556 1728 Esuperioribus
574 1633 726 1716 constat,
747 1624 873 1720 primis
900 1624 1009 1697 etiam
1027 1624 1179 1697 Romani
1211 1624 1357 1720 Imperii

216 1752 448 1846 temporibus,
470 1750 748 1844 Imperatoribus
767 1772 899 1822 morem
918 1748 1027 1820 fuisse
1046 1747 1205 1843 aliquam
1224 1747 1353 1819 faotio-

219 1887 301 1946 nem
333 1873 490 1946 fovendi.
528 1873 694 1969 Caligula
728 1900 745 1942 <r
775 1872 1010 1945 ranunculari
1043 1871 1146 1961 vesti,
1182 1897 1199 1939 a
1235 1871 1272 1942 id
1301 1878 1355 1943 est

220 1996 393 2086 Prasinis,
417 1996 563 2068 favebat
584 1995 658 2093 (1);
681 1997 787 2086 Nero,
804 1994 948 2089 prasino
968 2017 1052 2088 sago
1089 1992 1100 2089 (
1124 1991 1153 2088 l,
1185 1992 1356 2066 Vitellius

220 2124 346 2189 veneto
382 2115 447 2214 (3),
482 2117 740 2211 Heliogabalus
779 2116 923 2211 prasino
955 2093 1103 2186 indutus
1137 2113 1189 2210 (Δ)
1231 2138 1356 2186 currus

222 2241 421 2335 agitabant.
444 2240 558 2311 Verus
577 2239 686 2332 hujus
705 2239 831 2311 coloris
852 2237 986 2332 aurigis
1002 2246 1038 2310 et
1063 2238 1163 2333 equis
1188 2237 1355 2310 insanum

220 2364 380 2436 favorem
399 2363 592 2434 exhibebat
613 2361 680 2460 (5).

268 2488 444 2559 Romanos
464 2487 642 2581 Augustos
672 2485 867 2581 Byzantini
892 2493 977 2557 sunt
999 2485 1145 2557 imitati.
1177 2483 1245 2558 Sed
1276 2507 1357 2555 oon-

220 2609 385 2682 oretiores
418 2604 458 2681 ao
490 2609 706 2704 potentiores
737 2609 905 2680 Romanis
939 2609 1149 2704 Byzantina
1180 2608 1355 2679 factiones

220 2731 319 2804 fuere
354 2757 366 2806 ·.
395 2732 492 2803 unde
527 2731 757 2826 periculosior
794 2731 948 2825 prinoipi
991 2731 1152 2803 fovendae
1180 2729 1350 2803 ¹factionis

222 2854 357 2926 eleoti0.
382 2853 419 2926 si
451 2855 604 2926 Venetos
633 2854 729 2925 enim
757 2854 915 2947 eligeret,
939 2854 1044 2948 regiae
1068 2853 1189 2925 domui
1212 2852 1351 2925 inimici

222 2975 364 3047 Prasini
384 2975 597 3046 evadebant.
623 2973 659 3045 Si
678 2973 856 3063 Prasinos,
879 2974 972 3046 idam
993 2977 1149 3069 agebant
1167 2974 1309 3047 Veneti.

271 3096 351 3169 Non
371 3104 407 3168 te
425 3097 574 3168 oderant
591 3096 732 3168 Prasini
765 3096 858 3190 quod
882 3120 953 3167 non
976 3096 1071 3168 idem
1095 3097 1138 3168 de
1156 3098 1273 3180 Persis
1294 3105 1357 3169 aut

222 3219 266 3291 de
284 3219 476 3308 ArabibuS,
500 3219 543 3290 de
563 3219 785 3314 Ostrogothis
813 3227 877 3290 aut
896 3220 939 3292 de
957 3220 1155 3315 HungariS‚
1184 3220 1227 3292 de
1250 3221 1358 3293 vecti-

222 3344 359 3438 galium
377 3343 517 3415 ratione
538 3343 663 3426 autde
691 3343 832 3437 imperii
858 3343 1180 3432 administratione,
1210 3341 1357 3435 dejure

222 3467 333 3539 libere
365 3468 541 3540 scribendi
574 3451 636 3540 aut
669 3467 830 3558 coeundi,
863 3467 1023 3557 sentires
1051 3468 1261 3562 Imperator,
1296 3468 1356 3539 sed

224 3590 319 3682 quod
337 3592 513 3663 Venatum
538 3592 688 3663 eolorem
716 3613 834 3661 amare
864 3588 1047 3661 videreris.
1077 3591 1157 3684 Ipse
1182 3590 1258 3661 tibi·
1275 3597 1356 3662 tuos

224 3710 353 3803 hosteS,
375 3722 454 3787 tuos
482 3715 611 3786 amieos
637 3712 986 3808 eligebas.·Prinoipi
1017 3712 1162 3806 gravior
1192 3736 1248 3784 res
1279 3720 1357 3786 erat
1428 3693 1432 3703 ¹

226 3835 409 3931 auriganti
425 3838 607 3933 plaudere,
629 3860 737 3932 quam
756 3835 1011 3929 rempublicam
1030 3836 1190 3929 perdere.

273 3959 488 4034 Theodosius
516 3959 646 4032 Junior
679 3955 839 4030 Prasinis
872 3955 1030 4028 favebat.
1056 3957 1090 4028 A
1118 3957 1247 4030 dextra
1279 3958 1356 4052 ejus

232 4245 235 4252 .
260 4204 297 4272 (1)
308 4202 358 4260 llio
372 4201 498 4272 Cassius,
513 4201 534 4260 l.
548 4201 591 4258 59.

260 4287 297 4356 (2)
312 4288 362 4344 Dio
375 4287 497 4354 Cassius,
511 4287 530 4343 l.
546 4287 590 4344 61.
605 4319 638 4330 -
652 4287 816 4360 Panvinins,
832 4287 852 4356 l,
870 4286 912 4345 12.
931 4317 963 4330 -
977 4285 1104 4357 Malalas,
1124 4304 1153 4362 p.
1166 4285 1231 4345 257.

263 4371 298 4439 (3)
311 4369 390 4430 Suet.
403 4373 434 4427 in
447 4371 531 4428 Vitel.
550 4403 580 4413 —
596 4371 681 4429 Panv.
697 4375 767 4429 ibid.

263 4455 299 4523 (4)
313 4453 449 4526 xiphilin.
465 4455 485 4510 l.
500 4454 545 4523 79,
562 4472 586 4512 o.
606 4455 648 4512 14.

178 4564 183 4577 ⁴
262 4541 299 4607 (t)
313 4537 428 4611 Capitol.
442 4555 466 4595 o.
480 4541 505 4597 6.
