3630 5658
706 527 839 579 'carun
864 527 913 578 rr.
1339 507 1384 602 89

254 653 427 725 Caeterum
447 650 485 722 in
513 651 713 747 Byzantino
737 651 885 746 imperio
912 652 1029 724 officia
1055 653 1187 742 omnia,
1215 677 1236 724 a
1259 653 1383 748 primis

256 776 301 848 ad
319 774 453 866 infima,
477 775 622 848 venalia
641 775 753 850 fuere.

301 899 351 969 At
368 898 497 971 vitiosa
516 899 677 995 quaedam
697 900 913 972 consuetudo
932 899 971 971 in
991 899 1188 973 factionum
1215 900 1382 973 admiuis

253 1002 443 1094 trationem
457 1023 659 1118 irrepserat.
676 1025 769 1098 Nam
783 1024 995 1118 Logothetes
1013 1023 1076 1095 Rei
1095 1023 1275 1113 militaris,
1292 1023 1383 1095 Prae·

207 1202 210 1208 .
251 1145 446 1239 positorum
475 1145 630 1217 officium
661 1153 697 1218 ct
711 1144 771 1239 jus
799 1145 994 1233 invaserat,
1024 1145 1229 1240 solebatque
1247 1125 1286 1216 iu
1306 1144 1382 1217 fac·

252 1269 367 1339 tiones
381 1268 541 1340 homines
555 1291 635 1340 suos
653 1267 857 1356 inscribere,
876 1268 938 1361 qui
951 1290 1070 1364 rapum
1081 1267 1224 1362 quidem
1239 1267 1384 1362 accipie-

252 1394 353 1481 bant,
370 1391 480 1463 nullis
500 1415 583 1463 vero
607 1391 767 1462 excubiis
780 1391 1043 1484 fungebantur:
1067 1415 1159 1480 sune,
1181 1391 1291 1462 nullis
1310 1391 1383 1461 suis

253 1513 433 1606 impensiS,
461 1513 522 1585 sed
547 1513 702 1585 maximo
733 1513 929 1585 lactionum
972 1513 1160 1607 dignitatis
1185 1537 1237 1584 ac
1275 1511 1380 1583 disci-

252 1635 360 1728 plinae
383 1635 607 1723 detrimento,
626 1636 890 1716 remunerabat.

297 1756 456 1830 Demoleo
484 1758 595 1851 igitur
629 1781 698 1828 non
731 1757 922 1845 communi,
953 1756 1012 1828 sed
1038 1755 1212 1850 peculiari
1234 1755 1383 1850 juridio-
1490 1840 1496 1853 ,

249 1879 340 1953 tioni
386 1877 535 1972 subjecti
573 1878 756 1971 jacebant.
780 1878 882 1965 Quod
920 1879 964 1950 ad
984 1879 1158 1951 militaria
1182 1879 1382 1951 ministeria

253 2004 396 2092 attinet,
429 2027 449 2072 a
480 2001 717 2098 pr'tombrclu'c,
750 2000 985 2074 adornaretur
1014 2010 1049 2072 et
1086 1999 1303 2092 (laocoontis,
1339 2005 1382 2073 ab

248 2126 413 2224 Epurclro
443 2126 648 2221 pendebant
658 2148 668 2214 ;
702 2125 797 2219 qnod
827 2123 872 2195 ad
904 2123 1122 2217 stipendium
1152 2132 1188 2194 et
1225 2124 1382 2196 militum

252 2251 546 2344 supplementum,
576 2247 846 2336 andanumtais,
879 2249 922 2317 ab
942 2245 1036 2318 Idebz'
1052 2255 1196 2334 secreto,
1233 2271 1255 2316 a
1285 2247 1382 2318 Prte-

248 2373 357 2468 porz'to
376 2370 482 2444 Sacri
491 2371 650 2450 Palatii:
673 2369 873 2466 coqotaetes
893 2394 976 2442 vero
996 2369 1067 2442 Ra·
1080 2369 1242 2443 militares
1262 2369 1382 2443 aliena
1477 2371 1480 2378 '

247 2495 332 2590 jura
357 2501 594 2590 occupaverat
615 2493 681 2590 (ι).

300 2741 362 2812 IV.
384 2782 433 2792 -
451 2740 676 2812 Perdurabat
704 2740 957 2835 imperatorum
978 2741 1018 2835 in
1040 2742 1193 2813 Venetos
1214 2740 1384 2834 antiquus

249 2864 365 2934 favor.
401 2871 433 2934 1⁰
460 2865 504 2936 In
528 2864 692 2936 omnibus
717 2864 851 2936 Palatii
873 2864 1083 2937 caerimoniis
1103 2872 1139 2936 et
1162 2865 1199 2935 in
1220 2863 1383 2958 qualibet

247 3011 389 3083 pompa,
436 2987 570 3082 priores
605 2987 735 3061 Veneti
772 2988 1025 3081 Imperatorem
1066 2986 1382 3059 acclamationibus

248 3110 505 3207 excipiebant(
535 3111 561 3206 )

297 3241 332 3302 2⁰
348 3235 402 3305 Ex
428 3232 663 3327 llippodromi
683 3233 906 3324 cuthismate,
923 3235 1089 3306 ludorum
1109 3232 1226 3324 initio,
1247 3233 1381 3330 priores

246 3359 401 3429 Venetos
421 3356 619 3451 imperator
638 3379 740 3428 cruce
760 3356 927 3450 signabat
948 3357 1015 3454 (3).

296 3479 332 3550 3⁰
364 3478 587 3551 Domesticus
621 3478 842 3568 Scholarum,
880 3479 1027 3552 Venetis
1070 3489 1110 3552 ut
1153 3482 1381 3552 Democrates

249 3600 424 3691 addictus
460 3603 660 3675 Domestico
690 3605 960 3693 Excubitorum‚
994 3604 1057 3699 qui
1087 3603 1229 3675 Prasini
1253 3604 1380 3674 Demo-

246 3732 354 3798 cratae
374 3749 561 3820 personam
590 3726 801 3815 sustinebat,
824 3727 1002 3820 dignitate
1032 3724 1193 3820 superior
1212 3725 1284 3797 fuit
1311 3724 1375 3818 (sa).

295 3852 333 3934 4⁰
352 3850 395 3920 In
422 3850 586 3920 omnibus
611 3849 786 3944 eutulope's,
809 3857 850 3919 nt
875 3848 912 3919 in
932 3847 1112 3921 Philothei
1141 3846 1376 3942 Cletorolopr'o,

245 3970 374 4044 Veneti
393 3969 559 4042 officiales
577 3970 710 4064 priores
729 3970 887 4042 Prasinis
903 3978 1170 4066 nuncupantur.

280 4225 317 4292 (Ι)
333 4225 444 4280 barim.
459 4223 492 4291 11,
508 4222 552 4278 56.

280 4308 401 4376 (erroro.
417 4307 438 4372 1,
456 4309 497 4362 u.
606 4345 611 4358 s

239 4412 242 4421 ·
281 4391 623 4464 (3)1oiu.1‚68‚p.307.

281 4475 318 4544 (Ι)
333 4477 401 4532 llud.
419 4475 451 4543 ll,
467 4475 511 4546 52,
528 4493 556 4550 p.
571 4476 699 4534 rat-728.
