3630 5660
464 526 508 607 24
745 543 791 592 mr
817 541 1046 595 cmcnrrsmus
1071 540 1315 594 memoremus

511 669 673 742 Credidit
699 667 884 742 Dandolus
908 669 998 741 duas
1025 667 1134 742 fuisse
1160 669 1199 740 in
1219 671 1372 765 Imperio
1390 670 1592 766 Byzantino

463 791 638 864 nobilium
657 791 853 880 clientelae,
877 815 967 886 quae,
984 813 1047 885 per
1069 790 1260 864 immensas
1278 792 1425 886 Imperii
1444 793 1592 886 provin-

458 915 544 1005 cias,
566 920 608 985 ut
636 891 699 1009 per
719 921 873 1007 angusta
899 914 1049 987 Verona
1081 913 1236 1009 compita
1267 913 1524 1009 Capuletorum
1555 923 1592 988 et

455 1038 746 1110 Montaeutorum
770 1035 956 1126 factiones
990 1042 1161 1108 aternam
1189 1036 1442 1110 dissentionem
1469 1038 1590 1132 agita-

301 1143 304 1148 *
344 1263 347 1268 Ι
459 1165 541 1234 rent
561 1159 628 1257 (1)
661 1159 729 1233 Sed
758 1168 934 1255 quantum
956 1159 1140 1233 Orientale
1167 1160 1363 1255 Imperium
1398 1168 1434 1233 et
1470 1185 1591 1257 parvae
1694 1241 1697 1248 ,

461 1283 578 1356 Italiae
592 1283 758 1355 civitates
775 1283 871 1355 inter
889 1306 926 1354 se
941 1281 1137 1371 differrent,
1160 1283 1240 1376 quis
1258 1282 1396 1355 nescit?

509 1406 644 1478 Forsan
679 1406 718 1478 in
750 1407 839 1477 urbe
872 1405 1048 1501 Byzantio
1085 1406 1164 1477 duae
1199 1405 1365 1477 civitates
1399 1406 1510 1496 fuere,
1550 1414 1592 1478 ut

460 1529 580 1625 plures
606 1529 646 1601 in
678 1528 828 1623 antiqua
854 1529 965 1600 Roma
996 1529 1114 1603 Romae
1145 1527 1305 1619 fuerunt,
1345 1536 1388 1600 ut
1421 1530 1516 1601 binae
1552 1529 1591 1601 in

460 1653 585 1726 multis
615 1650 724 1724 medii
761 1651 829 1723 aevi
870 1651 1079 1725 civitatibus
1111 1651 1301 1724 civitates?
1330 1652 1463 1724 Forsan
1494 1651 1592 1746 regio

460 1777 623 1874 quaedam
647 1774 756 1849 Urbis
779 1775 918 1870 regioni
947 1775 1051 1847 alteri
1074 1775 1222 1847 inimica
1239 1775 1473 1871 insurgebat?
1498 1775 1593 1870 quod

460 1903 501 1974 in
520 1899 806 1974 Occidentalium
833 1899 993 1994 partium
1023 1899 1233 1971 civitatibus
1253 1923 1324 1970 non
1345 1924 1427 1971 raro
1449 1899 1590 1972 accidit.

463 2025 531 2100 Sed
554 2023 849 2098 Constantinusl
873 2022 1220 2117 Constantinopolim
1246 2044 1347 2094 suam
1365 2011 1488 2111 unam,
1521 2045 1591 2094 non

462 2149 659 2244 duplicem,
693 2123 841 2236 creavit.
873 2145 910 2218 si
937 2146 1033 2218 inter
1056 2146 1145 2217 duas
1170 2145 1279 2218 Urbis
1305 2146 1467 2240 regiones
1488 2145 1592 2217 dissi-

460 2273 562 2346 dium
582 2280 701 2344 actum
720 2269 859 2360 fuisset,
882 2293 952 2364 quo
970 2276 1074 2363 pacto
1087 2268 1215 2341 iisdem
1229 2267 1411 2339 firroribus
1424 2267 1587 2364 Cyzicus

461 2393 721 2481 Thessalonice,
755 2392 902 2480 Tarsus,
942 2391 1151 2480 Antiochia,
1189 2390 1431 2479 Alexandria,
1473 2413 1594 2462 omnes

461 2515 608 2611 Imperii
626 2516 732 2586 urbes
751 2513 929 2584 convulsae
947 2511 1124 2584 fuissent?
1142 2512 1216 2584 Nec
1233 2512 1272 2583 in
1292 2512 1494 2607 Byzantino
1513 2521 1595 2584 tan·

462 2647 541 2710 tum
562 2636 724 2732 imperio,
750 2635 811 2708 sed
844 2613 890 2706 in'
913 2635 1023 2706 ltalia
1050 2635 1171 2724 etiam,
1203 2659 1266 2730 per
1292 2635 1522 2730 Ostrogothos
1555 2659 1593 2708 ac

461 2759 714 2855 Longobardos
733 2758 911 2832 Germana
929 2757 1187 2852 quodammodo
1206 2759 1303 2830 facta
1318 2767 1354 2829 et
1373 2758 1475 2830 novis
1490 2757 1590 2852 quasi

464 2883 621 2955 moribus
650 2881 803 2970 imbuta,
835 2880 944 2974 pestis
973 2880 1039 2950 illa
1062 2882 1280 2953 Venetorum
1301 2904 1341 2952 ac
1363 2880 1593 2952 Prasinorum

464 3007 592 3079 saeviit.

513 3130 606 3203 Sunt
618 3128 681 3224 qui
700 3126 847 3200 credant
865 3126 1038 3198 factiones
1056 3125 1140 3197 illas
1159 3147 1231 3195 non
1250 3124 1431 3219 hippicam
1451 3133 1594 3197 tantum

464 3253 684 3323 simultatem
704 3250 869 3342 agitasse,
892 3248 951 3320 sed
972 3248 1015 3319 de
1034 3247 1181 3319 summis
1207 3249 1326 3337 rebus,
1359 3256 1423 3318 aut
1439 3245 1595 3342 politicis

465 3383 529 3446 aut
560 3372 734 3468 religiosis
768 3371 1020 3443 contendisse:
1055 3371 1141 3443 hinc
1179 3369 1363 3443 Anastasii
1402 3371 1595 3467 domusque

463 3495 712 3568 Anastasianae
740 3491 1065 3582 sectatores,'illinc
1087 3493 1323 3566 Justinianeae
1343 3495 1500 3586 stetisse;
1532 3496 1595 3567 hos
1621 3548 1625 3562 .

463 3622 601 3710 Phocoe,
641 3617 724 3692 illos
760 3617 956 3707 Mauricio,
993 3617 1145 3689 colorem
1176 3617 1273 3690 hunc
1300 3617 1507 3690 lustiniano
1531 3620 1590 3706 ll,

463 3749 568 3820 illum
602 3743 801 3839 Philippico
835 3751 898 3815 aut
928 3740 1076 3814 Leontio
1106 3740 1250 3813 lavisse.
1282 3741 1318 3813 si
1349 3742 1392 3812 de
1422 3742 1594 3836 religione

411 3845 416 3856 ,
465 3872 650 3967 agebatur,
667 3869 937 3962 huncrpannum
952 3865 1109 3938 induisse
1120 3848 1356 3936 orthodoxum
1366 3889 1375 3954 ;
1396 3861 1513 3954 illum,
1531 3889 1593 3935 suo

463 4015 638 4088 quemque
655 3998 824 4085 tempore,
848 3988 1037 4079 Arianum,
1062 3986 1327 4077 Nestorianum,
1362 3986 1592 4082 blonophysi-

461 4121 550 4204 tam,
572 4105 854 4201 Marcionistain,
877 4111 1146 4183 Ieonoclestam.

510 4237 572 4326 At,
594 4235 775 4332 Hypatius
793 4241 900 4330 atque
916 4234 939 4306 J
941 4233 1157 4322 ustinianus‚
1175 4233 1371 4305 Mauricius
1389 4240 1425 4305 et
1440 4233 1588 4319 PhocaS,

497 4407 532 4475 (l)
547 4405 683 4473 bandolo,
698 4404 733 4460 od
745 4404 860 4459 'annum
876 4403 938 4468 609,
953 4402 1028 4475 apud
1041 4402 1185 4468 Moratum,
1199 4409 1219 4458 t.
1235 4401 1291 4471 Xll,
1310 4418 1338 4474 p.
1355 4401 1415 4458 loa.
1437 4401 1588 4476 —Eadem

460 4490 536 4564 apud
551 4490 628 4547 Marii
641 4489 769 4547 Avantici
783 4488 1012 4545 continuatorem
1031 4506 1037 4543 :
1056 4486 1085 4542 D.
1103 4485 1238 4564 Bouquet,
1254 4496 1275 4543 t.
1290 4486 1324 4555 ΙΙ,
1342 4503 1367 4560 ρ.
1384 4487 1472 4542 lli-³20.
