3630 5660
103 1137 111 1148 Ι

190 993 272 1110 llll
328 989 763 1112 ulnunnslans
818 987 1253 1108 catalanicus

650 1273 796 1286 m

579 1487 859 1565 PROOEMIUM.

289 1711 376 1772 QUID
396 1708 529 1762 FUERl'l'
547 1708 643 1759 APUD
662 1703 879 1758 sznnrmos
898 1701 1167 1755 HIPPODROMUS.

208 1941 261 2013 Dc
292 1936 528 2033 Hippodromi
557 1935 751 2034 Byzantini
782 1933 844 2032 (r)
878 1933 950 2009 situ
979 1941 1016 2008 et
1043 1931 1160 2029 figura
1190 1931 1297 2006 multi

160 2061 363 2158 scripsere(
390 2061 418 2158 ).

209 2189 314 2260 Nunc
338 2209 422 2257 vero
446 2191 584 2280 quanta
606 2208 662 2258 res
686 2183 724 2257 in
744 2181 1026 2280 Byzantinorum
1053 2181 1131 2252 vita
1157 2203 1199 2252 uc
1221 2203 1296 2252 mo-

161 2311 261 2385 ribus
280 2306 544 2403 Hippodromus
567 2306 688 2396 fuerit,
715 2313 962 2402 quantumque
988 2305 1105 2376 locum
1126 2304 1221 2399 apud
1240 2325 1299 2377 eos

161 2431 335 2520 tenuerit,
371 2429 494 2524 paucis
532 2427 649 2500 verbis
681 2427 719 2498 in
748 2426 916 2521 prooemio
942 2425 1076 2518 dicere,
1105 2433 1228 2520 postea
1255 2424 1298 2498 de

161 2555 378 2628 circensibus
397 2551 615 2624 factionibus
636 2558 771 2640 acturo,
789 2549 878 2624 mihi
898 2550 937 2622 in
958 2549 1077 2622 animo
1092 2557 1157 2622 est.

211 2675 405 2775 Byzantini
417 2671 1077 2770 Hippodromiinsculptamquamdam
1089 2671 1295 2766 imaginem,

164 2799 386 2874 aPanvinio
409 2798 564 2894 primum
588 2795 734 2885 editam,
767 2820 787 2868 a
812 2795 995 2868 Bandurio
1021 2802 1144 2890 postea
1167 2794 1297 2890 repeti·
1370 2791 1373 2798 ’

165 2932 253 3010 tam,
283 2945 382 2992 nemo
414 2943 484 2990 non
514 2917 620 2990 vidit.
652 2917 751 3006 Quae,
785 2918 951 3013 quamvis
991 2918 1148 2990 locorum
1174 2917 1297 2990 condi·

167 3043 299 3115 tionem
332 3043 449 3115 minus
472 3049 597 3114 exacte
620 3040 765 3130 referat,
793 3041 879 3114 odeo
903 3049 958 3130 ut,
984 3041 1138 3136 exempli
1164 3041 1295 3136 gratia,

166 3189 277 3260 nsque
296 3165 505 3262 AEgyptium
519 3163 712 3236 obeliscum
731 3171 768 3235 at
786 3161 968 3257 lapideum
983 3162 1180 3254 Colossum,
1203 3165 1311 3234 nunc'

163 3289 270 3362 etiam
290 3289 508 3384 superstites,
528 3287 565 3359 in
586 3311 628 3359 ea
647 3286 814 3382 reperire,
831 3309 945 3382 neque
964 3311 1009 3360 ex
1028 3287 1152 3360 eadem
1162 3284 1299 3380 justam

196 3559 233 3626 (l)
247 3556 307 3616 Duo
320 3557 398 3615 luere
412 3556 540 3632 Byzantii
554 3553 758 3630 Hippudromi:
776 3571 861 3624 unus,
872 3571 997 3626 magnus
1010 3553 1057 3611 ills
1068 3553 1296 3630 Hippodromus,

160 3642 241 3708 altar,
263 3641 357 3698 Sancti
370 3639 533 3698 Mamantis.
557 3639 654 3713 Neque
671 3639 717 3695 hic
733 3638 825 3710 magis
840 3653 928 3711 quam
946 3638 994 3694 illc
1008 3638 1183 3696 atrociorum
1199 3656 1297 3698 rerum

162 3745 283 3800 expers:
305 3728 335 3784 in
359 3728 455 3784 Sancti
477 3726 629 3784 Mimantis
649 3725 737 3792 circo,
759 3725 967 3797 copronymus,
982 3739 1059 3780 anno
1079 3724 1141 3789 lbi.
1155 3725 1299 3784 andream

163 3811 326 3885 Galabytem
341 3811 528 3878 monachum,
550 3808 625 3884 quod
644 3809 740 3881 ipsum
757 3830 768 3858 a
784 3807 933 3864 Valentem
945 3807 1091 3880 juniorem
1105 3819 1138 3866 tc
1152 3807 1300 3869 lulianum

163 3894 313 3952 alterumn
335 3896 520 3959 vocitaverat,
544 3893 709 3951 uerberibus
730 3902 896 3956 contusum,
919 3892 1039 3949 interfici
1056 3892 1154 3966 jussit.
1170 3893 1298 3970 Theoph.

162 3997 239 4039 anno
253 3981 334 4050 6253,
350 3984 446 4057 plifil,
458 4015 483 4026 -
495 3983 527 4040 ln
539 3981 640 4040 codem
650 3984 736 4050 circo,
746 3981 865 4038 Michael
877 3981 922 4042 111.
933 3991 1037 4038 veneto
1051 3981 1111 4055 ipsc
1124 3982 1235 4055 habitu,
1248 4001 1300 4042 aa·

162 4065 283 4140 licisqua
301 4068 468 4140 aurigarum
484 4078 578 4142 partes
594 4077 691 4126 tenera
704 4067 803 4140 jussis,
818 4067 999 4140 equestribus
1012 4067 1219 4126 certaminibus
1232 4069 1301 4127 adeo

162 4159 239 4207 totus
254 4147 450 4216 incumbebat.
467 4161 501 4209 ut
520 4152 554 4208 dc
567 4151 692 4210 Arabicis
705 4151 735 4207 in
756 4152 910 4223 imperium
925 4151 1138 4210 incursionibus
1152 4153 1301 4212 admoneri

162 4237 261 4304 nollet,
278 4237 417 4311 ignesque
432 4237 461 4293 in
478 4237 626 4294 montibus
639 4236 752 4293 Asiatici
767 4235 870 4293 littoris
887 4237 997 4308 positos
1008 4239 1152 4310 exstingui
1173 4239 1297 4312 juberet.

160 4320 344 4394 Theophanis
364 4323 561 4390 Continuator,
585 4322 614 4378 in
632 4321 666 4378 ll.
687 4321 732 4388 lll,
757 4339 782 4378 c.
800 4323 843 4390 at,
873 4337 900 4394 p.
923 4322 990 4388 ltu
1014 4321 1094 4400 Syru.
1120 4323 1190 4392 blap.
1213 4339 1237 4376 c.
1255 4322 1299 4382 tt.

198 4504 235 4570 (2)
249 4501 288 4559 Cl.
308 4504 343 4559 aa
360 4506 467 4561 caleam
484 4504 548 4561 libri
564 4504 687 4561 indicem
702 4504 969 4576 bibliograplricum.
