3630 5660
693 1001 848 1078 CAPUT
869 1003 931 1078 .11.

450 1223 536 1284 QUID
562 1223 719 1276 FUERINT
745 1223 937 1278 olacunsns
962 1222 1167 1276 FACTIONES.

245 1443 413 1517 Byzantinos
443 1443 582 1502 factiones
604 1445 749 1518 legitimas
781 1448 987 1504 universitates
1012 1446 1111 1504 fnisse.
1134 1478 1164 1487 -
1186 1445 1230 1504 An
1252 1444 1379 1506 diversas

278 1527 358 1585 urbis
374 1527 506 1600 regiones
522 1529 709 1586 incoluerint.
726 1561 761 1573 -
771 1531 813 1587 An
830 1530 951 1588 diversis
966 1531 1102 1604 opiticum
1116 1539 1168 1588 aut
1184 1539 1378 1589 mercatorum

280 1611 406 1684 collegiis
426 1613 618 1671 constiterint.
634 1645 665 1655 -
678 1615 799 1672 Easdem
819 1615 960 1672 urbanam
984 1616 1067 1690 quasi
1080 1616 1213 1673 militiam
1233 1615 1330 1673 luisse.
1347 1647 1378 1658 -
1431 1685 1435 1696 ,

280 1697 601 1772 Byzantinasiaotiones
614 1715 681 1757 oum
708 1700 931 1774 provincialibus
945 1702 1110 1760 societatem
1126 1699 1272 1758 habuisse.
1355 1773 1361 1784 .
1433 1733 1444 1782 μ

293 1867 405 1940 Plura
434 1875 555 1942 tamen
583 1869 786 1942 efficiebant
812 1878 855 1942 ut
885 1869 1058 1944 factiones
1080 1869 1165 1959 11166,
1186 1868 1284 1941 inter
1315 1867 1381 1940 eir-

244 2003 371 2072 censes*
381 1989 484 2064 ludos
497 2000 610 2084 116166,
633 1992 672 2064 111
692 1991 844 2086 majores
857 2017 939 2090 opes
959 2001 1068 2090 atque
1087 1992 1224 2065 animos
1244 2013 1382 2064 exores

243 2119 375 2186 6616111.

291 2235 322 2308 I.
358 2237 439 2310 Non
478 2235 556 2342 jam
607 2238 751 2312 fortuiti
793 2239 928 2313 nivium
972 2262 1202 2335 congressus,
1255 2237 1382 2309 iisdem

242 2357 413 2451 gradibus
458 2360 656 2435 sedentium
700 2361 879 2458 iidemque
931 2363 1064 2457 auriga
1115 2359 1381 2457 plaudentium,

243 2493 281 2558 τὰ
321 2490 396 2584 μέρη
450 2493 575 2576 616111;
619 2486 692 2576 sed,
739 2485 817 2579 jam
848 2493 891 2558 ut
924 2482 1084 2579 juridica
1128 2490 1275 2556 utamur
1313 2481 1381 2552 for-

240 2606 353 2698 mula,
370 2607 609 2714 universitates
626 2609 705 2704 lege
730 2609 952 2682 exsistebant
970 2632 978 2680 :
1005 2630 1154 2703 quaeque
1172 2604 1281 2677 factio
1302 2627 1382 2676 suos

242 2729 486 2824 magistrumn,
527 2755 608 2803 suos
633 2729 814 2822 officiales,
851 2755 951 2804 suam
979 2753 1111 2820 aream,
1143 2752 1208 2801 sua
1239 2727 1382 2800 stabula

244 2859 351 2946 atque
379 2853 540 2944 aedificia,
572 2877 668 2926 suos·
685 2876 823 2944 currus,
864 2876 985 2948 equos,
1019 2876 1120 2925 ursos
1145 2872 1381 2945 ursorumque

245 2974 419 3064 custodes,
435 2976 622 3047 saltatores
634 2981 670 3047 et
682 2975 912 3068 gladiatores,
927 2976 1174 3048 communibus
1192 2973 1377 3069 impensis,

245 3100 483 3172 sustentabat.
503 3099 591 3173 Suos
617 3122 766 3195 quaeque
784 3099 894 3172 factio
913 3100 1083 3195 porticus,
1107 3122 1189 3172 suas
1207 3109 1293 3184 στοὰς
1313 3096 1378 3195 (1),

244 3223 347 3319 quasi
382 3223 478 3319 lege,
520 3223 740 3318 possidebat.
778 3223 895 3297 Unius
931 3223 1057 3297 eoloris
1097 3230 1250 3313 vestem,
1283 3220 1381 3294 simi-

242 3347 364 3442 liaque
392 3354 605 3419 ornamenta
632 3345 835 3419 induebant
859 3346 1028 3422 factionis
1060 3344 1236 3442 cujusque
1262 3346 1382 3417 fauto-

244 3495 300 3546 res
321 3471 389 3570 (2).
413 3470 485 3558 Qui
510 3476 630 3571 δημόται
652 3477 768 3561 616111,
790 3471 917 3542 borum
942 3469 982 3543 in
1011 3469 1185 3543 laterculo
1212 3468 1380 3564 quodam,

247 3594 322 3668 sive
344 3606 458 3697 χάρτῃ,
480 3596 627 3670 nomina
662 3594 836 3690 inscripta
864 3595 1078 3684 manebant3
1109 3590 1381 3667 Demaroborum

247 3739 390 3793 suorum
411 3718 521 3814 jussis
545 3743 682 3816 parere,
701 3717 868 3812 judiciali
894 3740 1015 3790 eorum
1033 3714 1203 3812 potestati
1227 3716 1379 3804 subesse,

240 3842 436 3952 pecuniam
453 3842 492 3915 in
509 3865 731 3916 eommunem
748 3863 867 3913 aream
884 3838 1056 3929 conferre,
1076 3836 1223 3912 demotos
1234 3835 1383 3933 quisque

245 3964 411 4038 debebat.
434 3965 608 4039 Omnibus
626 3963 809 4062 privilegii
834 3962 943 4036 faotio
968 3985 1116 4058 quaeque
1142 3962 1378 4058 gloriabatur,

246 4088 412 4162 omnibus
431 4096 550 4161 autem
573 4087 853 4184 obligationibus
878 4085 1050 4160 obstricta
1077 4087 1279 4176 tenebatur,
1302 4084 1382 4179 qui-

247 4213 314 4286 bus
331 4213 472 4312 collegia
492 4211 583 4287 licite
599 4211 766 4320 coeantta.

286 4436 437 4510 (11611116
455 4447 504 4505 τοῖς
518 4437 602 4504 litore!
620 4441 660 4499 ite
674 4442 885 4500 conclamatum
901 4438 1065 4508 aProsinis,
1088 4438 1216 4513 porticus
1237 4443 1266 4495 et
1284 4433 1383 4494 sedilia

248 4535 360 4583 mutare
370 4526 467 4600 jussis.
483 4559 515 4570 —
527 4527 650 4599 Malaios,
671 4544 701 4600 p.
716 4526 778 4585 351.
812 4519 814 4532 ’

284 4611 321 4680 (i)
339 4610 416 4669 Proe.
432 4614 535 4670 dated.
553 4629 576 4670 6.
594 4617 662 4670 1.-
679 4610 797 4671 (ledren.
815 4618 837 4668 t.
852 4610 874 4682 l,
888 4629 917 4685 p.
933 4609 998 4681 188,
1011 4609 1042 4665 111
1056 4607 1149 4665 liber.
1164 4607 1197 4663 ll.
