3630 5660
725 544 947 600 PROOEMIUM.
1359 551 1395 594 11

268 674 362 748 affici
376 673 486 767 jussit
498 673 660 746 'Micha'e'l
680 665 735 746 ΙΙΙ
754 671 828 768 (ι);
851 671 987 767 illaque
1005 693 1096 762 ossa,
1113 679 1150 744 et
1166 669 1401 766 patriarchali

267 804 303 871 et
323 795 501 892 imperiali
520 817 679 890 purpura
698 795 877 890 quondam
896 794 1082 884 honorata,
1094 793 1287 889 plebeculae
1305 785 1400 865 ludi-

267 917 348 992 bria
379 918 579 1013 proposuit,
613 923 660 1008 et,
683 939 745 990 suo
772 917 885 1011 ipsius
911 916 1054 1006 damno,
1082 915 1311 1011 imperatores
1329 937 1401 987 non
1505 1005 1508 1013 Ι

265 1040 494 1115 inviolabiles
511 1047 584 1112 esse
602 1041 735 1113 docuit.

316 1165 361 1237 In
373 1163 493 1236 eodem
508 1162 661 1260 denique
674 1162 775 1235 Circo
794 1163 946 1259 illustria
960 1161 1107 1258 quidam
1121 1161 1400 1236 Manichaeorum

267 1285 399 1379 doctor,
422 1286 485 1384 qui
504 1286 567 1366 diu
599 1306 680 1360 cum
699 1284 828 1391 Alesia
854 1284 1033 1358 comneno
1066 1283 1110 1357 de
1140 1285 1304 1357 doctrina
1336 1309 1401 1360 sua

265 1409 460 1484 collocutus
478 1417 587 1500 esset,
612 1431 727 1504 neque
746 1409 792 1480 ab
818 1407 959 1481 erudito
982 1408 1196 1504 imperatore
1220 1409 1266 1484 ad
1285 1412 1402 1485 ortho-

251 1532 395 1606 doxam
414 1529 515 1606 fidem
536 1528 697 1605 revocari
716 1532 906 1629 potuisset,
927 1531 1166 1636 periculosum
1185 1555 1260 1605 esse
1291 1533 1402 1607 sensit

264 1679 346 1728 cum
365 1679 406 1729 eo
428 1683 446 1726 c
467 1656 529 1752 qui
548 1655 701 1750 triginta
730 1654 932 1750 legionibus
950 1655 1142 1751 imperaret
1161 1683 1179 1726 r
1201 1656 1397 1752 disputare,

262 1780 440 1875 vivusque
473 1779 511 1851 in
543 1779 649 1850 busto
681 1777 870 1874 impositus
893 1777 1002 1872 periit
1034 1777 1099 1875 (a).
1122 1780 1174 1852 De
1203 1779 1400 1853 miserrimo

265 1891 463 1975 Andronici
482 1901 558 1973 fato
573 1899 651 1994 jam
671 1924 778 1996 supra
798 1900 946 1973 dictum.

314 2024 381 2096 Sed
405 2032 441 2096 et
461 2023 542 2096 aliis
561 2023 773 2117 spectaculis
792 2024 946 2130 populus
965 2024 1004 2096 in
1024 2024 1267 2120 Hippodromo
1285 2026 1400 2100 deleo-

263 2147 423 2218 tabatur.
441 2145 478 2220 Si
493 2147 537 2219 de
554 2145 726 2241 superiori
742 2145 837 2219 Circi
850 2146 1003 2242 porticu,
1021 2146 1116 2243 quod
1130 2156 1287 2246 περίπατος
1300 2173 1402 2222 voca·

262 2269 384 2358 batur,
406 2268 445 2340 in
473 2267 656 2340 meridiem
676 2268 905 2363 prospiceres
926 2269 1079 2365 grandia
1100 2271 1209 2344 maris
1227 2271 1402 2345 miracula

263 2397 451 2486 spectares,
469 2390 627 2462 omnium
640 2389 814 2485 gentium,
835 2391 1016 2487 Syrorum,
1039 2393 1227 2485 Italorum,
1242 2396 1401 2480 Arabum

262 2513 421 2620 navigia,
446 2513 633 2586 Slevorum
659 2513 865 2609 monoxylo,
887 2515 1083 2588 Russorum
1103 2518 1260 2609 carubio,
1283 2520 1403 2615 Regiae

264 2638 353 2711 Urbi
382 2660 526 2725 meroes,
549 2661 688 2726 aurum,
712 2636 861 2709 divitias
888 2630 1101 2731 in'ferentia3
1123 2639 1296 2715 Asiaticae
1318 2643 1403 2738 ripae

263 2781 454 2854 cupressos
483 2758 661 2854 villasque
694 2783 734 2832 ae
760 2759 911 2854 palatia,
944 2769 980 2833 et
1005 2761 1203 2858 longinqua
1235 2765 1399 2863 bithynii

264 2879 407 2978 Olympi
441 2880 653 2969 eacumina3
683 2881 755 2952 sole
789 2883 1009 2976 splendente,
1038 2884 1263 2978 immensum,
1285 2897 1328 2961 ut
1347 2889 1399 2962 ait

264 3000 463 3098 AEsohyluS,
485 3000 593 3072 maris
623 3001 735 3073 risum
743 3025 754 3092 ;
783 3002 875 3074 adeo.
896 3011 1039 3077 tenuem
1072 3030 1113 3078 ac
1139 3033 1270 3103 purum
1299 3033 1394 3102 aare,

264 3126 350 3198 adeo
370 3124 573 3220 proximum
602 3148 711 3214 mare,
734 3131 776 3196 ut
803 3147 874 3196 non
899 3127 1047 3221 navigia
1078 3137 1234 3220 tantum,
1270 3134 1330 3205 sed
1362 3141 1398 3206 et

260 3248 421 3344 delphini
441 3271 459 3319 e
479 3246 647 3319 fiuctibus
666 3246 870 3319 exsilientes
889 3227 1172 3344 perspicerentur
1193 3251 1265 3349 (3),

311 3371 349 3445 Si
375 3371 420 3443 ad
446 3371 734 3465 septentrionem,
778 3378 856 3442 tum
884 3371 1003 3444 oculos
1040 3372 1078 3445 in
1116 3397 1153 3447 se
1185 3379 1397 3450 avertebant

262 3495 361 3568 Sacri
379 3494 513 3566 Palatii
526 3494 672 3589 templa,
692 3493 795 3584 aedeS,
812 3493 981 3588 porticus,
999 3502 1115 3568 turres
1131 3497 1228 3588 altae3
1245 3497 1383 3572 Sanctee

263 3618 400 3713 Sophiae
425 3616 589 3711 fulgebat
614 3637 774 3707 aureum,
806 3616 1030 3714 immensum,
1053 3626 1297 3713 portentosum
1322 3623 1394 3694 hae-

261 3739 504 3834 rnispherium,
529 3739 609 3810 aliis
626 3739 743 3833 ipsum
762 3738 861 3811 aereis
880 3738 988 3810 tholis
1008 3739 1206 3834 suffultum,
1231 3751 1337 3839 atque
1355 3745 1393 3817 in

261 3864 390 3938 miram
409 3863 642 3954 altitutinem,
664 3861 760 3934 unde
776 3860 881 3956 longe
901 3863 1043 3957 lateque
1058 3888 1121 3958 per
1143 3866 1264 3940 Asiam
1288 3877 1395 3965 atque

296 4140 333 4208 (l)
349 4141 428 4213 Synr.
445 4136 515 4210 Meg.
531 4154 555 4194 c.
575 4139 618 4206 lb,
632 4156 661 4212 p.
678 4140 740 4212 681,
754 4147 809 4197 etc.
964 4215 966 4218 Ι

295 4223 331 4290 l‘l)
345 4223 426 4279 Anne
438 4221 593 4279 Gomnena.
612 4254 641 4264 -
653 4223 691 4279 lle
702 4224 843 4282 Anastasii
857 4225 1008 4298 cuiusdam
1026 4227 1174 4294 monachi,
1189 4229 1317 4302 quicum
1338 4230 1393 4288 alio

262 4302 433 4374 imperatore
447 4304 630 4377 disputasset,
645 4305 794 4379 supplicio,
813 4308 852 4372 tls.
866 4309 1070 4374 Enorrotioncs
1079 4313 1225 4386 chronica,
1240 4323 1275 4367 n·
1288 4312 1350 4382 287,
1362 4311 1392 4368 in

262 4386 411 4457 bondeno,
426 4395 448 4446 t.
460 4389 484 4453 l,
496 4406 523 4461 p.
541 4390 601 4446 100.

156 4465 158 4469 ’
298 4470 334 4541 (3)
348 4471 465 4550 byblus,
479 4488 526 4550 ap,
542 4473 728 4544 Randurium,
