3630 5658
450 519 496 590 to
732 538 777 587 nn
804 535 1033 589 arnonusrnns
1059 537 1302 589 nuorrounaus

449 663 616 738 officiales
646 671 682 735 et
712 660 840 755 majori
869 669 907 734 et
935 662 1066 734 minori
1098 660 1269 758 cujusque
1294 661 1462 736 factionis
1486 665 1581 759 parti

448 810 651 884 communes
691 784 804 858 fuere.
841 785 1093 880 Exemplorum
1136 787 1275 881 gratia,
1317 810 1431 883 neque
1462 788 1578 878 Albis,

450 934 563 1006 neque
582 908 744 982 Russatis
763 931 848 980 suus
866 932 907 980 ao
917 908 1082 1003 proprius
1098 883 1329 996 Democritea,
1353 911 1579 996 Demorebus,

448 1035 681 1118 Deutereuou,
698 1030 949 1111 Ctortulurz'us,
968 1027 1093 1121 Poeta,
1109 1032 1274 1115 Maleates,
1291 1035 1363 1107 fuit
1379 1058 1387 1107 :
1410 1035 1471 1107 sed
1489 1057 1583 1106 unus
1654 1023 1666 1028 ”

450 1167 486 1232 et
516 1159 611 1234 idem
646 1156 749 1232 Albis
781 1166 888 1252 atque
906 1157 1073 1250 Venetis,
1103 1183 1199 1232 unus
1229 1168 1266 1232 et
1296 1159 1391 1232 idem
1421 1158 1583 1232 Russatis

448 1291 558 1378 atque
575 1280 735 1353 Prasinis
754 1282 981 1352 Democrates
999 1281 1084 1372 fuit,
1108 1290 1171 1354 aut
1193 1284 1425 1372 Demarchus‚
1448 1284 1582 1354 Deute-

449 1427 573 1494 reuon‚
597 1411 665 1476 eto.

496 1521 543 1602 In
569 1527 734 1600 omnibus
759 1525 832 1599 fere
855 1528 1139 1624 Byzantinarum
1158 1528 1361 1600 litterarum
1380 1551 1584 1599 monumen-

367 1706 370 1713 .
450 1651 498 1723 tis
533 1647 640 1742 hujus
665 1649 717 1722 rei
748 1649 953 1722 testimonia
985 1651 1225 1746 reperiuntur.
1259 1649 1316 1723 Sia
1346 1649 1385 1722 in
1407 1650 1493 1720 anni
1512 1651 1584 1746 946

451 1773 685 1862 circensibus,
722 1796 744 1844 a
787 1771 1023 1846 Constantino
1051 1775 1123 1848 VII
1163 1774 1202 1845 in
1231 1773 1393 1846 Arabum
1416 1772 1585 1844 honorem

451 1897 568 1986 editis,
592 1895 738 1968 sedebat
755 1894 794 1967 in
818 1896 921 1968 Albae
939 1898 1107 1970 factionis
1136 1898 1307 1992 gradibus
1329 1898 1488 1970 Venetus
1512 1898 1583 1970 De-

333 2023 336 2030 '
451 2018 641 2107 marobus3
663 2019 701 2090 in
721 2020 881 2091 Russatae
897 2021 1069 2092 Prasinus
1093 2020 1104 2117 (
1128 2021 1157 2118 ).

500 2140 575 2213 Imo
606 2141 839 2214 Russatorum
875 2150 982 2238 atque
1012 2144 1186 2216 Alborum
1220 2167 1347 2216 nomen
1391 2143 1585 2240 aliquando

451 2287 522 2336 non
561 2265 786 2338 enuntiatur.
822 2266 1028 2361 Aliquando
1065 2267 1216 2363 hippioae
1253 2274 1373 2362 partes
1405 2267 1455 2338 sie
1489 2289 1585 2337 nun-

450 2396 629 2483 cupantur
659 2410 667 2458 ε
706 2387 857 2460 Pirutr'ez'
884 2390 1036 2480 Veneti,
1072 2390 1219 2463 Polr'te'ci'
1243 2390 1400 2480 Veneti3
1435 2388 1590 2463 Pz'rotr'cr'

448 2510 603 2599 Prasini,
641 2509 788 2582 Pole'tr'ct'
812 2511 954 2583 Prasini
983 2510 1054 2608 (2);
1084 2520 1159 2603 aut,
1194 2514 1224 2584 si
1242 2513 1372 2608 placet,
1394 2512 1523 2584 Veneti
1537 2512 1576 2582 in

448 2633 699 2704 transmarinis
730 2634 906 2728 partibus,
939 2635 1067 2707 Veneti
1088 2635 1127 2707 in
1146 2636 1225 2729 ipsa
1244 2636 1340 2708 Urbe
1359 2636 1582 2725 habitantes,

449 2771 515 2827 eto.
544 2754 684 2826 Urbani
709 2754 820 2848 igitur
841 2756 970 2827 Veneti
1003 2765 1067 2828 aut
1098 2758 1240 2830 Prasini
1265 2759 1482 2832 suburbanis
1514 2759 1584 2832 Ve-

451 2876 543 2950 netis
577 2900 617 2948 ao
648 2877 821 2966 Prasinis‚
850 2879 977 2950 Peram
1013 2887 1049 2951 et
1086 2878 1252 2952 Galatam
1290 2881 1365 2953 sive
1402 2881 1509 2977 Syoas
1547 2889 1583 2952 et

451 2999 711 3073 Chalcedonem
736 2999 998 3091 habitantibus,
1021 3026 1065 3074 ex
1091 3004 1249 3097 opposito
1267 3011 1451 3099 ponuntur
1475 3003 1538 3099 (3).

499 3123 640 3195 Prasini
673 3130 792 3194 autem
831 3145 873 3194 ao
903 3107 1032 3194 Veneti
1068 3122 1222 3194 Perute'ez'
1255 3124 1347 3195 nihil
1380 3133 1484 3195 erant
1516 3125 1585 3208 nisi

449 3243 591 3342 proprie
615 3243 758 3315 Prasini
779 3266 819 3313 ao
837 3244 966 3315 Veneti
982 3268 992 3333 3
1009 3245 1150 3316 Prasini
1170 3270 1253 3317 vero
1275 3270 1316 3318 ao
1334 3248 1462 3335 Veneti
1482 3247 1583 3321 Poli-

452 3367 513 3441 tz'cz'
527 3367 622 3440 idem
643 3390 684 3438 ao
701 3365 845 3439 Russati
859 3366 1014 3463 Albique
1033 3367 1132 3440 fuere
1154 3368 1221 3465 (t).
1455 3347 1458 3356 .

499 3487 704 3562 Suburbani
737 3511 861 3582 nempe
893 3489 1035 3561 Prasini
1065 3499 1128 3562 aut
1159 3492 1304 3581 Veneti,
1338 3517 1357 3565 e
1390 3493 1511 3566 littore
1543 3517 1584 3566 ao

485 3767 647 3846 (tiberim.
662 3763 696 3829 11,
710 3766 735 3834 7,
750 3777 778 3838 p.
796 3765 848 3822 536
855 3783 863 3831 ;
876 3765 909 3833 ΙΙ,
927 3765 969 3834 15,
984 3780 1013 3836 p.
1028 3765 1095 3851 589.

491 3853 536 3933 (2)
549 3857 562 3915 ὁ
575 3861 714 3932 πειρατικὸς
725 3855 800 3936 δῆμος
815 3867 864 3914 τῶν
877 3859 1000 3924 Brittan
1023 3863 1052 3916 τὸ
1066 3859 1137 3936 μέρος
1148 3865 1192 3921 τῆς
1206 3859 1334 3922 πολιτικῆς
1348 3869 1397 3915 τῶν
1407 3860 1530 3927 Baition
1553 3863 1583 3916 τὸ

451 3957 592 4032 πειρατικὸν
607 3956 677 4030 μέρος
691 3965 740 4012 τῶν
754 3965 895 4034 [Ιμοιοινωνς
910 3959 939 4012 τὸ
954 3956 1025 4032 μέρος
1038 3959 1163 4033 Πμαοίνων
1177 3963 1222 4018 τῆς
1235 3956 1372 4019 πολιτικῆς.
1389 3963 1497 4020 Oarim.
1513 3961 1534 4031 1,
1551 3965 1583 4018 ii

342 4073 347 4081 ·
450 4063 479 4119 p.
500 4045 550 4100 105
564 4044 679 4100 etsuiv.

484 4126 520 4194 (3)
535 4120 574 4182 Cs.
598 4143 694 4198 supra,
709 4144 737 4200 p.
759 4125 802 4183 30.
821 4125 901 4182 Multi
918 4126 1093 4183 Venetorum
1109 4141 1214 4196 nempe
1240 4142 1272 4182 ac
1294 4125 1478 4184 Prasinorum
1502 4137 1583 4184 trans

449 4211 575 4267 Aureum
602 4211 694 4267 Cornu
729 4228 761 4267 ar.
791 4210 947 4283 bosporum
976 4211 1074 4266 sedem
1101 4209 1239 4272 habuere.
1263 4211 1345 4282 Apud
1376 4212 1582 4284 Theophanem

447 4306 505 4380 jam
529 4307 563 4363 de
584 4311 715 4378 piraticis
729 4310 859 4378 portibus
873 4308 967 4378 agitur
981 4324 988 4363 ε
1003 4312 1149 4379 πειρατικῶν
1163 4304 1306 4380 ταγμάτων.
1320 4309 1448 4382 Tbeopb.
1468 4308 1582 4366 Contin.

452 4390 483 4446 in
498 4391 667 4462 Theophilo,
684 4407 709 4446 e.
729 4390 773 4456 43,
790 4407 818 4462 p.
829 4389 889 4445 142.
1483 4433 1492 4440 .

487 4471 523 4541 (i)
536 4472 674 4530 numdem
690 4475 925 4532 ambubaiarum
938 4472 1033 4530 locum
1050 4472 1169 4546 inspico,
1185 4480 1213 4530 et
1224 4490 1290 4531 euru
1305 4473 1368 4531 aliis
1390 4474 1459 4532 locis
1474 4474 1581 4532 oonier.
