3630 5660
703 566 819 620 cneus
844 566 895 617 111.
1318 543 1356 614 51

228 696 442 770 exarderet?
461 695 541 782 Qua
559 715 680 782 causa,
699 715 810 787 quum
829 690 989 785 vulgaris
1010 697 1160 763 eventus
1180 697 1362 786 exspecta·

228 828 340 910 retur,
355 826 461 906 tanta
480 815 632 889 Romani
650 813 791 910 imperii
811 812 994 886 convulsio
1013 812 1184 886 exstitit?

278 939 443 1037 Equestri
479 937 656 1010 simultati
693 943 729 1007 et
766 934 918 1029 publicae
953 933 1142 1007 rebellioni
1178 958 1250 1008 non
1289 958 1363 1008 una

229 1065 398 1140 eademve
416 1085 524 1134 causa
540 1060 624 1141 fuit.

278 1187 430 1283 Hippico
446 1183 628 1257 conflictui
639 1183 790 1279 hippicae
801 1205 937 1273 causae;
956 1182 1056 1256 civili
1064 1183 1158 1254 bello
1170 1182 1306 1256 civiles.
1317 1182 1363 1255 ll·

230 1313 284 1385 las
297 1308 488 1406 suprajam
500 1307 728 1403 inquisiimus
738 1330 748 1396 3
772 1307 838 1378 has
846 1330 941 1380 nunc
951 1307 1131 1403 inquirere
1146 1329 1284 1380 necesse
1295 1314 1361 1382 est.

230 1434 353 1510 Ambae
372 1432 560 1520 factiones,
579 1429 664 1525 quia
685 1429 894 1502 seinvicem
914 1428 1075 1520 oderant,
1095 1429 1248 1523 primum
1271 1429 1365 1500 inter

231 1580 268 1629 se
286 1555 517 1628 decertabant
523 1576 534 1642 3
555 1559 677 1646 postea
691 1551 879 1624 unanimes
901 1551 941 1623 in
965 1553 1219 1647 Imperatorem
1242 1552 1362 1625 insur-

230 1701 365 1768 rexere,
385 1675 480 1772 quod
495 1673 697 1748 communia
716 1673 928 1768 Imperatori
946 1675 1097 1747 crimina
1116 1673 1359 1768 objectabant.

279 1798 484 1894 Procopius,
505 1795 631 1889 majori
653 1796 857 1869 sinceritate
884 1820 993 1891 quarn
1019 1820 1098 1892 quae
1126 1798 1171 1869 ab
1197 1783 1279 1892 ipso'
1292 1821 1365 1872 non
1400 1877 1409 1893 ‚

227 1921 305 2016 jam
323 1921 513 2012 Auecdota,
545 1921 605 1994 sed
624 1921 766 1994 Persica
792 1921 966 1996 scribente
993 1931 1193 2018 speraretur
1224 1922 1288 2020 (1),
1308 1947 1365 1997 res

230 2047 325 2118 male
341 2044 580 2118 alustiniano
602 2043 883 2133 administratas,
901 2052 936 2116 et
947 2045 1148 2118 commissas
1161 2067 1182 2116 a
1194 2045 1365 2119 Praefecto

231 2169 402 2244 Praetorio
416 2169 439 2241 J
441 2191 556 2240 oanne
570 2165 779 2262 Cappadoce
796 2174 832 2239 et
846 2165 1028 2254 Quaestore
1037 2166 1254 2240 Triboniano
1269 2167 1367 2264 rapi-

234 2316 300 2364 nas
314 2292 518 2366 denuntiat.
536 2290 649 2363 Addit
667 2292 789 2382 etiam,
806 2290 979 2392 quamdiu
995 2289 1168 2364 factiones
1185 2290 1367 2364 intestinis

232 2414 392 2487 dissidiis
409 2421 588 2508 occupatae
614 2413 762 2504 fuerint,
784 2413 924 2485 tamdiu
943 2413 966 2485 J
968 2412 1078 2485 oanni
1097 2420 1133 2485 et
1152 2413 1369 2488 Triboniano

233 2529 379 2632 impune
399 2537 438 2609 in
460 2535 734 2629 rempublicam
753 2558 898 2629 peccare
917 2535 1059 2608 licuisse
1070 2558 1081 2624 ;
1098 2544 1140 2607 ut
1159 2559 1242 2608 vero
1261 2535 1368 2608 semel

233 2659 476 2732 reconciliatio
507 2659 618 2748 facta,
636 2658 675 2730 in
707 2659 873 2754 indignos
892 2658 1061 2732 officiales
1087 2659 1259 2755 populum
1282 2658 1366 2734 uni·

234 2803 376 2853 versum
395 2780 567 2854 exarsisse
585 2777 649 2877 (2).

284 2903 405 2999 Usque
427 2902 513 2975 adeo
536 2909 659 2974 errant
672 2900 735 2997 qui
749 2907 881 2995 putant
895 2902 1127 2999 Byzantinos,
1149 2906 1366 3000 equestrium

237 3024 461 3098 simultatum
479 3025 633 3116 nomine,
655 3023 818 3118 publicas
837 3024 1072 3099 dissensiones
1093 3027 1265 3122 agitassel
1288 3029 1367 3104 Illis

236 3147 331 3219 enim
349 3147 490 3237 coortis
514 3148 557 3217 ab
577 3147 633 3218 his
654 3145 913 3220 abstinebatur.
933 3147 1120 3221 Factiones
1135 3157 1260 3224 contra
1279 3152 1368 3224 sedi·
1472 3179 1475 3184 ·

230 3269 346 3342 tiones
364 3268 589 3366 phylacteria
602 3267 861 3363 quodammodo
875 3270 1061 3344 exstitere.
1359 3345 1362 3348 .

281 3393 405 3466 Comes
423 3391 668 3481 Marcellinus,
700 3390 763 3484 qui
792 3414 837 3463 ex
855 3391 1069 3466 anctoritate
1088 3394 1191 3489 quasi
1220 3395 1366 3496 publica

234 3515 422 3604 scribebat,
444 3536 515 3586 non
535 3511 725 3586 committit
747 3520 862 3586 utres
882 3538 902 3585 a
920 3515 1077 3610 piissimo
1095 3517 1255 3613 principe
1273 3520 1367 3595 male

232 3635 504 3708 administratas
522 3643 558 3708 et
578 3658 599 3705 a
618 3633 733 3708 Sacrae
747 3634 967 3708 Hierarchiae
982 3637 1179 3733 collegiatis
1192 3640 1367 3716 exercitas

233 3758 379 3854 rapinas
411 3757 591 3830 fateatur!
619 3755 688 3856 Sed
716 3756 882 3853 Hypatii‚
913 3757 1074 3853 Pompeii
1104 3783 1145 3832 ac
1173 3760 1294 3853 Probi,
1319 3784 1365 3837 ex

233 3881 418 3954 Anastasii
433 3879 615 3976 quondam
633 3879 858 3976 imperatoris
876 3880 992 3975 domo,
1016 3882 1246 3960 ambitionem
1262 3907 1365 3960 accu-
1394 3859 1396 3864 ’

269 4125 306 4191 (ι)
332 4142 343 4172 ι
360 4121 542 4193 Quanquam,
559 4118 587 4174 in
602 4117 727 4191 Procopii
740 4118 827 4175 etiarn
850 4111 992 4189 nasonis,
1016 4122 1138 4179 Persicis
1157 4122 1265 4180 scilicet
1279 4131 1367 4197 atque

235 4205 367 4268 Gothicis.
383 4203 539 4260 minueres
556 4202 742 4259 aJustiniano
758 4211 845 4274 gesta
860 4203 1014 4261 laudantur
1030 4221 1119 4277 qnam
1136 4205 1221 4279 vulgo
1243 4207 1368 4265 testima-

235 4298 295 4359 tur,
309 4289 409 4345 eadem
423 4289 481 4345 lere
494 4289 524 4344 in
537 4289 670 4344 Historiis
685 4295 773 4360 atque
787 4287 817 4342 in
831 4290 976 4345 Anccdolis
989 4306 1005 4345 a
1019 4289 1155 4362 scriptore
1165 4290 1195 4346 in
1203 4291 1366 4352 Iustiniana

235 4371 439 4444 vituperanda:
463 4374 556 4430 acrius
579 4381 676 4430 tamen
701 4371 731 4428 in
749 4371 793 4428 his
818 4389 904 4446 quiam
926 4372 956 4428 in
977 4373 1072 4430 illis.»
1092 4373 1182 4444 Dahn,
1200 4377 1364 4447 Procopius,

236 4471 265 4526 p.
279 4453 331 4510 ‘286
342 4463 371 4510 et
382 4471 440 4527 seq.
1310 4450 1312 4454 ’

242 4613 246 4619 Δ
272 4536 308 4606 (2)
320 4540 395 4593 Pers.
411 4537 431 4606 l,
446 4537 490 4606 ll,
506 4553 533 4609 p.
551 4537 610 4594 1⁶22.
