3630 5658
719 542 833 596 curor
859 543 894 592 v.
1320 521 1360 592 81

233 673 476 770 Hippodromo
502 670 663 743 turribus
695 694 736 743 ac
767 671 943 743 moenibue
972 669 1055 742 altis
1080 669 1301 743 imminebat.
1329 669 1368 745 Si

231 799 332 894 plebs
354 805 528 869 commota
548 795 742 886 videretur,
764 795 924 891 undique
944 794 1043 867 aereis
1061 795 1173 890 portis
1185 794 1368 868 Palatium

233 909 492 994 claudebatur:
534 919 719 992 Cathisma
758 928 894 1010 autem,
936 919 1022 990 satis
1069 918 1152 990 altis
1194 917 1369 990 columnis

232 1042 430 1132 suffultum,
452 1051 494 1114 ut
513 1043 641 1114 sublici
658 1042 825 1138 imposita
845 1066 911 1114 arx
919 1041 1114 1130 maritima,
1134 1040 1369 1136 popularibus

232 1165 400 1236 fluctibus
413 1164 614 1236 insultabat
638 1163 649 1261 (
673 1163 701 1260 ).

282 1297 325 1368 In
350 1296 592 1391 Hippodromo
620 1299 813 1393 abruptum
833 1297 1017 1371 Cathisma
1047 1300 1228 1393 surgebat.
1251 1297 1369 1371 Nullae

233 1427 337 1492 erant
356 1418 459 1490 scala
479 1420 609 1516 quibus
628 1429 802 1493 commota
831 1422 931 1516 plebs
960 1423 1214 1518 Imperatorem
1240 1422 1278 1495 in
1300 1420 1369 1495 Oa-

231 1542 399 1614 thismate
420 1566 482 1614 suo
502 1566 663 1615 securum
683 1543 854 1616 invadere
873 1553 1000 1639 posset.
1036 1544 1154 1631 Quum
1175 1544 1371 1616 victoribus

233 1688 393 1755 coronae,
423 1664 606 1738 heniochis
638 1665 759 1756 bullas,
791 1665 941 1760 bigariis
960 1667 1128 1740 caradion
1147 1667 1370 1760 largiebatur

232 1790 444 1883 Imperator,
472 1812 542 1860 non
573 1788 726 1861 adeum
754 1788 967 1862 ascendebat
993 1783 1277 1862 remunerandus
1306 1813 1369 1862 au-

237 1913 316 2006 riga
331 1934 342 2002 3
376 1911 437 1984 sed
466 1913 509 1983 ab
532 1911 604 1984 alia
623 1921 725 2006 parte
753 1914 791 1984 in
818 1937 963 1986 arenam
990 1914 1226 1987 descendebat
1250 1926 1368 1988 actua-

233 2036 322 2124 rius,
349 2018 550 2107 cursoribus
568 2033 641 2106 suis
671 2035 924 2108 circumdatus.
957 2037 1156 2131 Imperator
1184 2037 1297 2132 igitur
1332 2038 1370 2110 in

239 2158 354 2230 medio
379 2157 503 2252 populi
529 2161 662 2249 stabat,
688 2182 759 2231 non
786 2159 867 2232 fidei
897 2160 1021 2256 populi
1049 2185 1084 2232 se
1111 2161 1367 2233 committebat.

236 2279 414 2370 hminem,
438 2303 509 2352 non
529 2281 711 2376 expositus
730 2288 819 2353 erat.

283 2417 361 2490 Non
380 2418 642 2490 munitionibus
661 2426 804 2490 tantum
822 2426 858 2491 et
868 2419 1099 2492 Cathismatis
1114 2420 1370 2495 excelsitudine

233 2542 431 2636 Imperator
451 2541 581 2636 vulgus
601 2543 745 2613 arcebat
767 2566 775 2614 :
799 2542 859 2615 sed
878 2550 914 2614 et
927 2542 1004 2637 lege
1023 2543 1268 2618 caerimoniali.
1288 2547 1370 2619 Pro-

232 2664 309 2758 prio
323 2664 418 2735 enim
438 2688 496 2736 ore
515 2663 687 2759 populum
705 2664 870 2760 princeps
890 2689 1075 2761 nunquam
1094 2667 1365 2763 alloquebatur:

232 2785 292 2858 sed
321 2810 430 2881 quum
450 2787 558 2876 cives,
580 2785 774 2882 spectaculi
803 2786 921 2877 initio,
943 2796 1063 2884 togam
1088 2813 1198 2863 manu
1228 2800 1364 2882 tenena,

232 2932 334 2982 cruce
347 2909 565 3004 signaverat,
577 2918 698 2981 mutus
710 2933 751 2982 ac
761 2909 975 3000 taciturnus,
987 2920 1028 2983 ut
1041 2935 1151 2985 aereus
1164 2921 1227 2985 aut
1240 2938 1367 2986 aureus

233 3031 331 3121 deus,
359 3032 516 3104 sedebat.
532 3033 583 3105 Ut
594 3032 813 3118 Quaestcrem
836 3033 881 3104 ad
897 3032 1361 3128 alloquendumsenatores,

233 3161 275 3224 ut
292 3153 527 3248 Logothetam
547 3153 680 3227 Cursus
698 3155 743 3226 ad
758 3155 1028 3250 colloquendum
1049 3180 1130 3228 cum
1144 3158 1301 3229 externis
1319 3158 1366 3230 le-

227 3275 333 3370 gatie,
356 3276 569 3371 inte1pretes
590 3276 785 3348 adhibebat
807 3300 814 3349 :
837 3277 889 3349 ita
908 3285 945 3348 et
964 3277 1059 3372 apud
1078 3279 1249 3374 populum
1264 3303 1365 3374 pecu-

226 3396 379 3470 liaribus
394 3375 570 3470 ministris
583 3400 753 3470 utebatur
774 3421 781 3469 :
801 3399 830 3469 si
845 3400 955 3471 veum
970 3401 1255 3495 suspendendum
1271 3411 1359 3493 erat,

229 3519 403 3592 tesseram·
430 3542 602 3614 persona;
638 3519 669 3590 si
699 3521 980 3592 remunerandus
1011 3522 1148 3616 auriga,
1186 3525 1358 3613 actuario,

228 3643 429 3716 cursoribus
449 3643 521 3715 suis
540 3642 759 3714 circumdato
784 3643 855 3739 (2);
881 3643 911 3714 si
929 3645 1049 3716 concio
1075 3645 1241 3716 habenda
1266 3647 1357 3741 apud

227 3765 378 3861 plebem,
402 3766 432 3838 sl
450 3765 626 3837 mittenda
640 3771 774 3864 μανδοῖτα
792 3765 857 3862 (3),
875 3785 929 3850 τοῖς
946 3771 1119 3850 tardabitur
1138 3775 1293 3851 ὅασιὶλκοῖς
1310 3781 1360 3844 τοῦ

227 3897 405 3991 ἱπποδρόμου
429 3891 475 3987 (lp)
483 3948 493 3981 ,
518 3899 592 3982 aut,
610 3900 652 3962 ut
667 3891 762 3986 apud
777 3891 1041 3985 Theophanem,
1061 3893 1106 3964 ad
1123 3915 1257 3964 annum
1274 3892 1356 3984 532,

204 4172 208 4184 ’
264 4165 300 4237 (l)
314 4165 345 4223 ln
364 4166 412 4222 illa
435 4164 613 4223 Cathismntis
626 4181 701 4234 arce,
725 4181 801 4224 anno
821 4164 899 4231 1042,
915 4164 1036 4236 populus
1047 4163 1190 4237 lapidibus
1208 4181 1242 4222 ac
1256 4164 1359 4238 jaculis

227 4248 430 4320 Imperatorem
443 4249 610 4304 llichaelem
624 4247 648 4304 V
661 4247 784 4321 quodam
796 4246 882 4303 modo
893 4246 1013 4303 obsedit.

263 4334 299 4404 (2)
314 4336 425 4392 Carior.
440 4350 469 4405 p.
485 4333 546 4402 328,
563 4332 623 4400 345,
642 4333 702 4402 3e5,
719 4332 781 4389 366.

263 4417 298 4488 (3)
315 4417 354 4474 Cf.
370 4433 436 4489 pag.
453 4417 486 4473 58
500 4417 534 4472 de
550 4416 691 4474 mandatis
705 4410 809 4474 luscini
826 4417 849 4474 ll
866 4417 900 4473 ad
917 4418 1055 4476 factiones
1068 4419 1173 4475 missIs.

264 4501 299 4570 (l)
315 4503 424 4559 Carior.
440 4500 473 4568 Il,
489 4500 531 4570 5⁸2,
549 4518 577 4573 p.
592 4500 653 4557 537.
