3630 5658
465 545 513 616 bo
745 565 791 612 nn
817 560 1049 614 ornomsmus
1075 559 1320 613 rncrroumus.

467 699 640 763 auctores,
656 686 821 775 Publica,
841 709 912 757 non
928 685 1099 780 equestris
1109 685 1234 758 seditio
1254 684 1347 758 fluit:
1370 685 1428 756 cui
1447 683 1601 779 publicae

469 837 583 885 causae
601 811 748 883 fuerunt
769 833 776 882 :
799 809 950 881 Romani
976 809 1111 881 scilicet
1129 809 1273 898 milites
1296 830 1384 904 quos
1402 808 1601 900 Imperator

468 960 489 1008 a
514 935 725 1029 captivitate
749 932 921 1026 redimere
952 931 1130 1022 noluerat,
1159 956 1181 1003 a
1211 930 1381 1024 Chagano
1406 928 1597 1016 trucidati;

467 1059 588 1133 eodem
609 1081 703 1128 anno
723 1078 855 1149 magna
874 1054 998 1125 fames.

518 1182 586 1255 Sed
606 1179 731 1252 audita
749 1178 930 1272 legionum
951 1177 996 1248 ad
1026 1174 1247 1267 Danubium,
1278 1176 1368 1248 duce
1395 1176 1526 1266 Phoca,
1549 1201 1601 1248 se-

467 1305 616 1393 ditione,
656 1302 720 1374 diu
750 1323 956 1395 compressae
980 1300 1153 1372 factiones
1184 1307 1293 1394 caput
1318 1307 1521 1372 erexerunt.
1553 1299 1604 1373 Ut

468 1429 602 1500 vulnus
632 1432 735 1496 vetus
767 1422 956 1496 recentiori
990 1422 1140 1494 vulnere
1172 1422 1363 1518 excitatur,
1392 1423 1432 1494 in
1460 1422 1630 1517 publica'

471 1548 678 1623 calamitate
691 1543 836 1641 hippica
854 1544 963 1639 pestis
976 1543 1124 1615 exarsit.
1141 1543 1259 1630 Quum
1275 1552 1465 1638 utramque
1484 1551 1603 1616 tamen

469 1672 663 1744 factionem
688 1667 808 1740 verbis
835 1666 1060 1738 demulsisset
1083 1666 1288 1760 imperator,
1314 1666 1501 1759 utriusque
1529 1665 1603 1737 fac-

377 1797 383 1805 “
470 1794 579 1867 tionis
598 1793 731 1864 milites
751 1789 796 1860 ad
816 1788 1049 1861 custodienda
1068 1789 1199 1884 mpnia
1218 1790 1355 1879 emisit;
1376 1790 1437 1861 scd
1456 1789 1519 1861 ubi
1537 1789 1606 1883 pri-

472 1940 569 1989 mum
602 1913 731 1985 armati
760 1912 902 1982 Prasini
934 1912 1090 2006 plebeios
1127 1913 1295 1984 Prasinos
1328 1913 1603 2003 tumultuantes

470 2060 619 2133 ossaque
663 2035 857 2108 amicorum
893 2034 1061 2106 Mauricii
1086 2042 1326 2120 α’νασκαπτόντας
1362 2036 1372 2132 l
1380 2037 1407 2132 1)
1447 2035 1603 2126 audiere,

471 2161 602 2235 maenia
635 2159 867 2231 deseruerunt
906 2182 1013 2252 seque
1057 2159 1130 2231 suis
1168 2158 1377 2252 adjunxere,
1418 2159 1607 2253 domosque

473 2284 661 2358 incendere
680 2283 915 2376 incoeperunt.

522 2406 720 2479 Germanus
745 2403 870 2496 igitur,
894 2402 956 2497 qui
979 2402 1185 2493 Theodosio,
1209 2403 1376 2476 Mauricii
1401 2402 1487 2492 filio,
1511 2426 1607 2475 socer

474 2531 558 2619 fuit,
580 2527 649 2602 sibi
675 2526 863 2621 imperium
882 2549 1008 2619 parere
1033 2534 1180 2598 conatus
1205 2501 1270 2599 est.
1293 2528 1392 2599 Tunc
1412 2527 1528 2598 visum
1554 2533 1608 2598 est

474 2652 601 2747 quanti
610 2657 701 2721 esset
716 2649 886 2720 momenti
896 2649 1048 2719 colorem
1062 2649 1130 2719 sibi
1144 2649 1338 2742 prudenter
1354 2650 1496 2744 eligere.
1513 2650 1606 2720 Fau·

473 2783 530 2845 tor
543 2774 841 2860 illeVenetorum,
855 2793 935 2840 cum
946 2769 1354 2865 suffragiaPrasinorum
1369 2772 1603 2867 implorasset,

475 2897 654 2992 repulsam
673 2894 771 2965 tulit.
795 2893 1038 2992 AEstimabant
1056 2895 1151 2966 enim
1170 2896 1311 2967 Prasini
1336 2918 1520 2989 nunquam
1538 2895 1608 2966 lac

474 3021 608 3092 tionem
626 3024 926 3112 permutaturum,
949 3017 1012 3112 qui
1030 3019 1176 3092 Veneta
1196 3017 1344 3089 factioni
1369 3017 1607 3088 deditissimus

475 3149 579 3215 esset.
602 3142 730 3234 Itaque
743 3163 820 3233 spes
839 3138 1021 3228 Germani,
1044 3141 1158 3211 veluti
1173 3139 1294 3232 jaculo
1314 3141 1468 3234 quodam
1490 3167 1506 3208 a
1527 3162 1606 3233 per·

475 3265 631 3351 foratas,
649 3262 799 3332 evanuit
815 3261 864 3355 (a)
883 3285 893 3348 ;
911 3285 995 3333 nam
1013 3262 1155 3334 Prasini
1174 3264 1319 3335 Venetis
1330 3287 1476 3335 numero
1495 3262 1607 3334 multo

475 3386 596 3479 plures
618 3383 681 3478 (3).
706 3383 763 3454 Sic
782 3381 909 3474 dejecti
928 3383 1057 3455 thr'ono
1081 3385 1289 3476 Mauricius,
1312 3408 1372 3480 spe
1392 3386 1588 3459 Germanus
1595 3409 1605 3474 3

477 3507 527 3578 sic
552 3504 689 3577 Phocas
716 3505 967 3598 inauguratus.

525 3626 759 3701 Exitiabilius
784 3634 879 3698 certe
911 3626 1085 3699 Mauricio
1124 3629 1341 3700 Venetorum
1378 3628 1609 3701 indiscretum

478 3750 693 3824 desiderium
727 3773 834 3844 quam
860 3750 1092 3820 Prasinorum
1124 3752 1244 3822 odium
1275 3751 1358 3824 fuit.
1390 3752 1510 3823 Phoca
1533 3751 1609 3843 jam

479 3879 664 3966 regnante,
685 3871 859 3942 Mauricio
873 3880 994 3943 tamen
1011 3873 1169 3943 nondum
1188 3873 1232 3944 ad
1252 3882 1398 3944 mortem
1416 3881 1507 3963 acto,
1530 3898 1609 3946 cum

484 3987 581 4066 inter
598 4017 633 4065 se
653 3995 695 4065 de
715 3994 838 4064 ordine
851 3995 889 4065 in
910 4018 1010 4066 novae
1029 3997 1200 4089 Augustae
1214 3997 1420 4091 exceptione
1436 3996 1610 4068 servando
1685 4023 1689 4031 ·

483 4201 489 4208 '
515 4193 552 4261 (l)
565 4193 598 4248 Et
611 4191 790 4248 Marcianista
816 4199 885 4248 tunc
898 4169 1058 4262 Ma'niioius,
1083 4201 1117 4249 ut
1138 4193 1311 4252 Manichacus
1329 4195 1473 4268 quondam
1494 4197 1609 4254 Anasta·

480 4288 548 4349 sius,
563 4285 666 4352 audiit;
679 4293 847 4362 optabatque
862 4287 952 4359 plebs,
965 4287 999 4362 μῄ
1012 4287 1088 4359 σχοίη
1101 4281 1178 4360 δέρμα
1191 4285 1204 4342 ὁ
1217 4290 1291 4360 φιλῶν
1304 4307 1345 4341 σε.

518 4387 555 4453 (⁶2)
571 4386 615 4444 τὰς
630 4380 729 4444 ἑλπιῒας
743 4384 873 4439 abdilam

516 4469 552 4536 (3)
571 4470 603 4525 ln
624 4471 727 4528 horum
751 4473 887 4532 laterculo
911 4474 1022 4544 DCCC&
1051 4475 1080 4531 in
1105 4475 1230 4543 illorum,
1259 4475 1306 4532 llll
1330 4476 1450 4534 nomina
1474 4476 1612 4548 inscripta

482 4553 709 4625 repertebantur.
