<?xml version="1.0" encoding="UTF-8"?>
<!DOCTYPE html PUBLIC "-//W3C//DTD XHTML 1.0 Transitional//EN"
    "http://www.w3.org/TR/xhtml1/DTD/xhtml1-transitional.dtd">
<html xmlns="http://www.w3.org/1999/xhtml" xml:lang="en" lang="en">
 <head>
  <title>
</title>
<meta http-equiv="Content-Type" content="text/html;charset=utf-8" />
  <meta name='ocr-system' content='tesseract 3.04.00' />
  <meta name='ocr-capabilities' content='ocr_page ocr_carea ocr_par ocr_line ocrx_word'/>
</head>
<body>
  <div class='ocr_page' id='page_1' title='image "./debyzantinohipp00rambgoog_0046.png"; bbox 0 0 3630 5660; ppageno 0'>
   <div class='ocr_carea' id='block_1_1' title="bbox 691 526 1350 602">
    <p class='ocr_par' dir='ltr' id='par_1_1' title="bbox 691 526 1350 602">
     <span class='ocr_line' id='line_1_1' title="bbox 691 526 1350 602; baseline -0.006 -1"><span class='ocrx_word' id='word_1_1' title='bbox 691 548 806 602; x_wconf 80' lang='lat' dir='ltr'><strong>enrur</strong></span> <span class='ocrx_word' id='word_1_2' title='bbox 831 551 869 600; x_wconf 89' lang='lat'><strong>11.</strong></span> <span class='ocrx_word' id='word_1_3' title='bbox 1304 526 1350 598; x_wconf 82' lang='lat'><strong>33</strong></span> 
     </span>
    </p>
   </div>
   <div class='ocr_carea' id='block_1_2' title="bbox 181 673 1397 3961">
    <p class='ocr_par' dir='ltr' id='par_1_2' title="bbox 219 673 1355 1241">
     <span class='ocr_line' id='line_1_2' title="bbox 219 673 1351 775; baseline -0.007 -22"><span class='ocrx_word' id='word_1_4' title='bbox 219 678 449 775; x_wconf 78' lang='lat' dir='ltr'><strong>Imperatoris</strong></span> <span class='ocrx_word' id='word_1_5' title='bbox 468 683 503 748; x_wconf 92' lang='lat' dir='ltr'><strong>et</strong></span> <span class='ocrx_word' id='word_1_6' title='bbox 518 673 682 748; x_wconf 76' lang='lat' dir='ltr'><strong>belisarii</strong></span> <span class='ocrx_word' id='word_1_7' title='bbox 696 675 860 769; x_wconf 87' lang='lat' dir='ltr'><strong>precibus</strong></span> <span class='ocrx_word' id='word_1_8' title='bbox 869 675 1165 768; x_wconf 88' lang='lat' dir='ltr'><strong>obtemperantes,</strong></span> <span class='ocrx_word' id='word_1_9' title='bbox 1183 673 1351 768; x_wconf 90' lang='lat' dir='ltr'><strong>imperia-</strong></span> 
     </span>
     <span class='ocr_line' id='line_1_3' title="bbox 219 789 1355 892; baseline -0.008 -16"><span class='ocrx_word' id='word_1_10' title='bbox 219 804 315 876; x_wconf 86' lang='lat' dir='ltr'>libus</span> <span class='ocrx_word' id='word_1_11' title='bbox 334 801 509 873; x_wconf 77' lang='lat' dir='ltr'><strong>militibus</strong></span> <span class='ocrx_word' id='word_1_12' title='bbox 529 822 602 870; x_wconf 89' lang='lat' dir='ltr'><strong>sese</strong></span> <span class='ocrx_word' id='word_1_13' title='bbox 633 797 890 890; x_wconf 86' lang='lat' dir='ltr'><strong>adjunxerunt,</strong></span> <span class='ocrx_word' id='word_1_14' title='bbox 924 789 1156 892; x_wconf 80' lang='lat' dir='ltr'><strong>adjunctique</strong></span> <span class='ocrx_word' id='word_1_15' title='bbox 1176 797 1214 868; x_wconf 93' lang='lat' dir='ltr'><strong>in</strong></span> <span class='ocrx_word' id='word_1_16' title='bbox 1239 795 1355 868; x_wconf 88' lang='lat' dir='ltr'><strong>Prasi-</strong></span> 
     </span>
     <span class='ocr_line' id='line_1_4' title="bbox 223 919 1354 1015; baseline -0.007 -18"><span class='ocrx_word' id='word_1_17' title='bbox 223 950 298 1015; x_wconf 92' lang='lat' dir='ltr'><strong>nos,</strong></span> <span class='ocrx_word' id='word_1_18' title='bbox 322 932 458 997; x_wconf 91' lang='lat' dir='ltr'><strong>veteres</strong></span> <span class='ocrx_word' id='word_1_19' title='bbox 482 921 656 1008; x_wconf 88' lang='lat' dir='ltr'><strong>inimicos,</strong></span> <span class='ocrx_word' id='word_1_20' title='bbox 679 920 851 1013; x_wconf 91' lang='lat' dir='ltr'><strong>impetum</strong></span> <span class='ocrx_word' id='word_1_21' title='bbox 877 920 1003 993; x_wconf 84' lang='lat' dir='ltr'><strong>fecere.</strong></span> <span class='ocrx_word' id='word_1_22' title='bbox 1023 921 1059 994; x_wconf 81' lang='lat' dir='ltr'><strong>Si</strong></span> <span class='ocrx_word' id='word_1_23' title='bbox 1075 919 1215 992; x_wconf 74' lang='lat' dir='ltr'><strong>militiae</strong></span> <span class='ocrx_word' id='word_1_24' title='bbox 1230 942 1354 1013; x_wconf 86' lang='lat' dir='ltr'><strong>exper-</strong></span> 
     </span>
     <span class='ocr_line' id='line_1_5' title="bbox 222 1040 1354 1138; baseline -0.005 -20"><span class='ocrx_word' id='word_1_25' title='bbox 222 1054 274 1118; x_wconf 91' lang='lat' dir='ltr'><strong>tes</strong></span> <span class='ocrx_word' id='word_1_26' title='bbox 291 1046 453 1133; x_wconf 83' lang='lat' dir='ltr'><strong>fuissent,</strong></span> <span class='ocrx_word' id='word_1_27' title='bbox 478 1042 615 1114; x_wconf 77' lang='lat' dir='ltr'><strong>auxilia</strong></span> <span class='ocrx_word' id='word_1_28' title='bbox 626 1041 783 1136; x_wconf 91' lang='lat' dir='ltr'><strong>ipsorum</strong></span> <span class='ocrx_word' id='word_1_29' title='bbox 798 1041 917 1114; x_wconf 88' lang='lat' dir='ltr'><strong>minus</strong></span> <span class='ocrx_word' id='word_1_30' title='bbox 933 1043 1108 1138; x_wconf 85' lang='lat' dir='ltr'><strong>optabilia</strong></span> <span class='ocrx_word' id='word_1_31' title='bbox 1125 1051 1161 1114; x_wconf 90' lang='lat' dir='ltr'><strong>et</strong></span> <span class='ocrx_word' id='word_1_32' title='bbox 1180 1040 1354 1114; x_wconf 88' lang='lat' dir='ltr'><strong>Belisario</strong></span> 
     </span>
     <span class='ocr_line' id='line_1_6' title="bbox 226 1165 730 1241; baseline -0.014 1"><span class='ocrx_word' id='word_1_33' title='bbox 226 1175 261 1241; x_wconf 91' lang='lat' dir='ltr'><strong>et</strong></span> <span class='ocrx_word' id='word_1_34' title='bbox 279 1167 484 1241; x_wconf 85' lang='lat' dir='ltr'><strong>Justiniano</strong></span> <span class='ocrx_word' id='word_1_35' title='bbox 504 1165 583 1236; x_wconf 90' lang='lat' dir='ltr'><strong>visa</strong></span> <span class='ocrx_word' id='word_1_36' title='bbox 602 1171 730 1236; x_wconf 90' lang='lat' dir='ltr'><strong>essent.</strong></span> 
     </span>
    </p>

    <p class='ocr_par' dir='ltr' id='par_1_3' title="bbox 181 1285 1363 1998">
     <span class='ocr_line' id='line_1_7' title="bbox 181 1285 1361 1386; baseline -0.002 -24"><span class='ocrx_word' id='word_1_37' title='bbox 181 1376 185 1382; x_wconf 20' lang='grc' dir='ltr'>Ι</span> <span class='ocrx_word' id='word_1_38' title='bbox 272 1289 378 1384; x_wconf 83' lang='lat' dir='ltr'><strong>Apud</strong></span> <span class='ocrx_word' id='word_1_39' title='bbox 404 1287 652 1386; x_wconf 85' lang='lat' dir='ltr'>Theophanem</span> <span class='ocrx_word' id='word_1_40' title='bbox 678 1286 722 1357; x_wconf 91' lang='lat' dir='ltr'><strong>de</strong></span> <span class='ocrx_word' id='word_1_41' title='bbox 749 1285 871 1357; x_wconf 89' lang='lat' dir='ltr'><strong>eadem</strong></span> <span class='ocrx_word' id='word_1_42' title='bbox 904 1287 1077 1360; x_wconf 89' lang='lat' dir='ltr'><strong>seditione</strong></span> <span class='ocrx_word' id='word_1_43' title='bbox 1100 1287 1290 1379; x_wconf 74' lang='lat' dir='ltr'><strong>dicentem,</strong></span> <span class='ocrx_word' id='word_1_44' title='bbox 1317 1287 1361 1360; x_wconf 93' lang='lat' dir='ltr'><strong>de</strong></span> 
     </span>
     <span class='ocr_line' id='line_1_8' title="bbox 224 1409 1361 1507; baseline -0.008 -18"><span class='ocrx_word' id='word_1_45' title='bbox 224 1415 261 1488; x_wconf 86' lang='lat' dir='ltr'><em>F</em></span> <span class='ocrx_word' id='word_1_46' title='bbox 264 1413 409 1488; x_wconf 80' lang='lat' dir='ltr'><strong>luvionis</strong></span> <span class='ocrx_word' id='word_1_47' title='bbox 432 1411 629 1507; x_wconf 63' lang='lat' dir='ltr'><strong>juratoribus</strong></span> <span class='ocrx_word' id='word_1_48' title='bbox 655 1409 842 1489; x_wconf 64' lang='lat' dir='ltr'><strong>Pronum:</strong></span> <span class='ocrx_word' id='word_1_49' title='bbox 865 1411 959 1504; x_wconf 88' lang='lat' dir='ltr'><strong>apud</strong></span> <span class='ocrx_word' id='word_1_50' title='bbox 992 1409 1192 1483; x_wconf 84' lang='lat' dir='ltr'><strong>Ohronicou</strong></span> <span class='ocrx_word' id='word_1_51' title='bbox 1215 1409 1361 1482; x_wconf 85' lang='lat' dir='ltr'><strong>Pascale</strong></span> 
     </span>
     <span class='ocr_line' id='line_1_9' title="bbox 225 1531 1357 1630; baseline -0.005 -21"><span class='ocrx_word' id='word_1_52' title='bbox 225 1537 268 1609; x_wconf 93' lang='lat' dir='ltr'><strong>de</strong></span> <span class='ocrx_word' id='word_1_53' title='bbox 298 1533 594 1610; x_wconf 62' lang='lat' dir='ltr'><strong>Constantiniana</strong></span> <span class='ocrx_word' id='word_1_54' title='bbox 603 1531 803 1626; x_wconf 76' lang='lat' dir='ltr'><strong>junioribus</strong></span> <span class='ocrx_word' id='word_1_55' title='bbox 824 1532 983 1604; x_wconf 75' lang='lat' dir='ltr'><strong>Prouisis</strong></span> <span class='ocrx_word' id='word_1_56' title='bbox 996 1534 1129 1605; x_wconf 92' lang='lat' dir='ltr'><strong>mentio</strong></span> <span class='ocrx_word' id='word_1_57' title='bbox 1144 1531 1304 1630; x_wconf 84' lang='lat' dir='ltr'><strong>incidit(</strong></span> <span class='ocrx_word' id='word_1_58' title='bbox 1331 1531 1357 1629; x_wconf 91' lang='lat'><strong>).</strong></span> 
     </span>
     <span class='ocr_line' id='line_1_10' title="bbox 224 1655 1361 1752; baseline -0.004 -20"><span class='ocrx_word' id='word_1_59' title='bbox 224 1659 352 1732; x_wconf 82' lang='lat' dir='ltr'>Nonne</span> <span class='ocrx_word' id='word_1_60' title='bbox 376 1657 444 1729; x_wconf 92' lang='lat' dir='ltr'><strong>tibi</strong></span> <span class='ocrx_word' id='word_1_61' title='bbox 463 1656 637 1728; x_wconf 80' lang='lat' dir='ltr'><strong>Notr&#39;tz&#39;om</strong></span> <span class='ocrx_word' id='word_1_62' title='bbox 669 1655 889 1751; x_wconf 78' lang='lat' dir='ltr'><strong>Dz&#39;pnitutum</strong></span> <span class='ocrx_word' id='word_1_63' title='bbox 912 1655 1059 1752; x_wconf 73' lang='lat' dir='ltr'><strong>Imperii</strong></span> <span class='ocrx_word' id='word_1_64' title='bbox 1073 1656 1230 1729; x_wconf 78' lang='lat' dir='ltr'><strong>Romani</strong></span> <span class='ocrx_word' id='word_1_65' title='bbox 1245 1656 1361 1750; x_wconf 85' lang='lat' dir='ltr'><strong>legere</strong></span> 
     </span>
     <span class='ocr_line' id='line_1_11' title="bbox 225 1778 1363 1876; baseline -0.001 -24"><span class='ocrx_word' id='word_1_66' title='bbox 225 1782 371 1870; x_wconf 88' lang='lat' dir='ltr'><strong>videris,</strong></span> <span class='ocrx_word' id='word_1_67' title='bbox 407 1788 443 1851; x_wconf 94' lang='lat' dir='ltr'><strong>et</strong></span> <span class='ocrx_word' id='word_1_68' title='bbox 468 1778 672 1872; x_wconf 89' lang='lat' dir='ltr'><strong>hujusmodi</strong></span> <span class='ocrx_word' id='word_1_69' title='bbox 705 1779 886 1873; x_wconf 85' lang='lat' dir='ltr'><strong>legionum</strong></span> <span class='ocrx_word' id='word_1_70' title='bbox 914 1788 977 1851; x_wconf 89' lang='lat' dir='ltr'><strong>aut</strong></span> <span class='ocrx_word' id='word_1_71' title='bbox 1011 1781 1165 1872; x_wconf 83' lang='lat' dir='ltr'><strong>alarum,</strong></span> <span class='ocrx_word' id='word_1_72' title='bbox 1196 1801 1276 1876; x_wconf 80' lang='lat' dir='ltr'><strong>quae</strong></span> <span class='ocrx_word' id='word_1_73' title='bbox 1299 1780 1363 1852; x_wconf 93' lang='lat' dir='ltr'><strong>sub</strong></span> 
     </span>
     <span class='ocr_line' id='line_1_12' title="bbox 232 1901 1210 1998; baseline -0.002 -22"><span class='ocrx_word' id='word_1_74' title='bbox 232 1905 486 1998; x_wconf 83' lang='lat' dir='ltr'><strong>Magistrorum</strong></span> <span class='ocrx_word' id='word_1_75' title='bbox 506 1901 734 1996; x_wconf 85' lang='lat' dir='ltr'><strong>dispositione</strong></span> <span class='ocrx_word' id='word_1_76' title='bbox 753 1909 868 1993; x_wconf 89' lang='lat' dir='ltr'><strong>erant,</strong></span> <span class='ocrx_word' id='word_1_77' title='bbox 892 1903 1038 1974; x_wconf 89' lang='lat' dir='ltr'><strong>nomina</strong></span> <span class='ocrx_word' id='word_1_78' title='bbox 1054 1904 1210 1975; x_wconf 83' lang='lat' dir='ltr'><strong>audire?</strong></span> 
     </span>
    </p>

    <p class='ocr_par' dir='ltr' id='par_1_4' title="bbox 278 2024 1317 2122">
     <span class='ocr_line' id='line_1_13' title="bbox 278 2024 1317 2122; baseline 0.001 -25"><span class='ocrx_word' id='word_1_79' title='bbox 278 2025 436 2098; x_wconf 82' lang='lat' dir='ltr'><strong>Additur</strong></span> <span class='ocrx_word' id='word_1_80' title='bbox 455 2026 624 2097; x_wconf 88' lang='lat' dir='ltr'><strong>ducentos</strong></span> <span class='ocrx_word' id='word_1_81' title='bbox 641 2024 726 2095; x_wconf 88' lang='lat' dir='ltr'><strong>istos</strong></span> <span class='ocrx_word' id='word_1_82' title='bbox 745 2024 912 2096; x_wconf 88' lang='lat' dir='ltr'><strong>Prasinos</strong></span> <span class='ocrx_word' id='word_1_83' title='bbox 930 2025 1097 2097; x_wconf 90' lang='lat' dir='ltr'><strong>loricatos</strong></span> <span class='ocrx_word' id='word_1_84' title='bbox 1114 2025 1224 2098; x_wconf 85' lang='lat' dir='ltr'><strong>fuisse</strong></span> <span class='ocrx_word' id='word_1_85' title='bbox 1253 2025 1264 2122; x_wconf 89' lang='lat'>(</span> <span class='ocrx_word' id='word_1_86' title='bbox 1291 2025 1317 2122; x_wconf 85' lang='grc'><strong>).</strong></span> 
     </span>
    </p>

    <p class='ocr_par' dir='ltr' id='par_1_5' title="bbox 229 2147 1369 2492">
     <span class='ocr_line' id='line_1_14' title="bbox 277 2147 1362 2240; baseline 0.001 -19"><span class='ocrx_word' id='word_1_87' title='bbox 277 2154 314 2236; x_wconf 67' lang='lat'><strong>[1⁰</strong></span> <span class='ocrx_word' id='word_1_88' title='bbox 335 2150 488 2221; x_wconf 81' lang='lat' dir='ltr'><strong>Auctore</strong></span> <span class='ocrx_word' id='word_1_89' title='bbox 502 2148 652 2237; x_wconf 83' lang='lat' dir='ltr'><strong>Malaia,</strong></span> <span class='ocrx_word' id='word_1_90' title='bbox 666 2147 882 2219; x_wconf 87' lang='lat' dir='ltr'><strong>Theodosius</strong></span> <span class='ocrx_word' id='word_1_91' title='bbox 899 2148 949 2238; x_wconf 92' lang='lat' dir='ltr'><strong>II,</strong></span> <span class='ocrx_word' id='word_1_92' title='bbox 967 2149 1143 2220; x_wconf 89' lang='lat' dir='ltr'><strong>militibus</strong></span> <span class='ocrx_word' id='word_1_93' title='bbox 1157 2148 1362 2240; x_wconf 64' lang='lat' dir='ltr'><strong>Pedatam,</strong></span> 
     </span>
     <span class='ocr_line' id='line_1_15' title="bbox 229 2271 1369 2366; baseline 0 -22"><span class='ocrx_word' id='word_1_94' title='bbox 229 2274 268 2345; x_wconf 94' lang='lat' dir='ltr'><strong>in</strong></span> <span class='ocrx_word' id='word_1_95' title='bbox 297 2272 534 2359; x_wconf 67' lang='lat' dir='ltr'><strong>Circensibus</strong></span> <span class='ocrx_word' id='word_1_96' title='bbox 566 2271 683 2342; x_wconf 85' lang='lat' dir='ltr'><strong>locum</strong></span> <span class='ocrx_word' id='word_1_97' title='bbox 714 2271 752 2341; x_wconf 93' lang='lat' dir='ltr'><strong>in</strong></span> <span class='ocrx_word' id='word_1_98' title='bbox 783 2271 909 2342; x_wconf 91' lang='lat' dir='ltr'><strong>mediis</strong></span> <span class='ocrx_word' id='word_1_99' title='bbox 944 2272 1162 2343; x_wconf 86' lang='lat' dir='ltr'><strong>Venetorum</strong></span> <span class='ocrx_word' id='word_1_100' title='bbox 1199 2272 1369 2366; x_wconf 85' lang='lat' dir='ltr'><strong>gradibus</strong></span> 
     </span>
     <span class='ocr_line' id='line_1_16' title="bbox 236 2394 1279 2492; baseline -0.002 -24"><span class='ocrx_word' id='word_1_101' title='bbox 236 2395 451 2492; x_wconf 82' lang='lat' dir='ltr'><strong>assignavit:</strong></span> <span class='ocrx_word' id='word_1_102' title='bbox 475 2395 609 2466; x_wconf 88' lang='lat' dir='ltr'><strong>scilieet</strong></span> <span class='ocrx_word' id='word_1_103' title='bbox 626 2394 801 2465; x_wconf 91' lang='lat' dir='ltr'><strong>militibus</strong></span> <span class='ocrx_word' id='word_1_104' title='bbox 819 2394 914 2466; x_wconf 89' lang='lat' dir='ltr'><strong>inter</strong></span> <span class='ocrx_word' id='word_1_105' title='bbox 934 2395 1191 2467; x_wconf 78' lang='lat' dir='ltr'><strong>commilitones</strong></span> <span class='ocrx_word' id='word_1_106' title='bbox 1212 2394 1279 2492; x_wconf 82' lang='lat'>(3).</span> 
     </span>
    </p>

    <p class='ocr_par' dir='ltr' id='par_1_6' title="bbox 229 2517 1369 3358">
     <span class='ocr_line' id='line_1_17' title="bbox 280 2517 1368 2618; baseline 0.001 -28"><span class='ocrx_word' id='word_1_107' title='bbox 280 2517 316 2590; x_wconf 83' lang='lat'><strong>5⁰</strong></span> <span class='ocrx_word' id='word_1_108' title='bbox 333 2521 512 2615; x_wconf 75' lang='grc' dir='ltr'>Δημοτεὺειν,</span> <span class='ocrx_word' id='word_1_109' title='bbox 536 2517 573 2588; x_wconf 92' lang='lat' dir='ltr'><strong>id</strong></span> <span class='ocrx_word' id='word_1_110' title='bbox 593 2525 646 2589; x_wconf 90' lang='lat' dir='ltr'><strong>est</strong></span> <span class='ocrx_word' id='word_1_111' title='bbox 678 2537 733 2601; x_wconf 81' lang='grc' dir='ltr'><strong>τοῖς</strong></span> <span class='ocrx_word' id='word_1_112' title='bbox 759 2524 867 2618; x_wconf 76' lang='grc' dir='ltr'>δήμοις,</span> <span class='ocrx_word' id='word_1_113' title='bbox 890 2542 951 2591; x_wconf 93' lang='lat' dir='ltr'><strong>seu</strong></span> <span class='ocrx_word' id='word_1_114' title='bbox 970 2517 1199 2608; x_wconf 70' lang='lat' dir='ltr'><strong>factionibus</strong></span> <span class='ocrx_word' id='word_1_115' title='bbox 1240 2518 1368 2591; x_wconf 90' lang='lat' dir='ltr'><strong>adseri-</strong></span> 
     </span>
     <span class='ocr_line' id='line_1_18' title="bbox 230 2641 1368 2733; baseline 0.002 -21"><span class='ocrx_word' id='word_1_116' title='bbox 230 2643 325 2733; x_wconf 88' lang='lat' dir='ltr'><strong>bere,</strong></span> <span class='ocrx_word' id='word_1_117' title='bbox 341 2642 436 2713; x_wconf 92' lang='lat' dir='ltr'><strong>idem</strong></span> <span class='ocrx_word' id='word_1_118' title='bbox 456 2649 533 2714; x_wconf 81' lang='lat' dir='ltr'><strong>erat</strong></span> <span class='ocrx_word' id='word_1_119' title='bbox 553 2665 593 2712; x_wconf 91' lang='lat' dir='ltr'><strong>ac</strong></span> <span class='ocrx_word' id='word_1_120' title='bbox 605 2641 747 2714; x_wconf 82' lang='lat' dir='ltr'><strong>militiae</strong></span> <span class='ocrx_word' id='word_1_121' title='bbox 764 2642 961 2714; x_wconf 90' lang='lat' dir='ltr'><strong>adscribere</strong></span> <span class='ocrx_word' id='word_1_122' title='bbox 977 2642 1256 2714; x_wconf 87' lang='lat' dir='ltr'><strong>:invadentibus</strong></span> <span class='ocrx_word' id='word_1_123' title='bbox 1273 2641 1368 2714; x_wconf 92' lang='lat' dir='ltr'><strong>enim</strong></span> 
     </span>
     <span class='ocr_line' id='line_1_19' title="bbox 229 2765 1368 2861; baseline 0 -24"><span class='ocrx_word' id='word_1_124' title='bbox 229 2765 410 2859; x_wconf 76' lang='lat' dir='ltr'><strong>BulgariS,</strong></span> <span class='ocrx_word' id='word_1_125' title='bbox 435 2765 643 2838; x_wconf 87' lang='lat' dir='ltr'><strong>Justiniano</strong></span> <span class='ocrx_word' id='word_1_126' title='bbox 675 2765 886 2859; x_wconf 85' lang='lat' dir='ltr'><strong>imperante,</strong></span> <span class='ocrx_word' id='word_1_127' title='bbox 917 2765 956 2838; x_wconf 92' lang='lat' dir='ltr'><strong>in</strong></span> <span class='ocrx_word' id='word_1_128' title='bbox 984 2766 1186 2856; x_wconf 87' lang='lat' dir='ltr'><strong>Thraciam,</strong></span> <span class='ocrx_word' id='word_1_129' title='bbox 1203 2765 1368 2861; x_wconf 88' lang='lat' dir='ltr'><strong>princeps</strong></span> 
     </span>
     <span class='ocr_line' id='line_1_20' title="bbox 230 2885 1363 2984; baseline 0.004 -28"><span class='ocrx_word' id='word_1_130' title='bbox 230 2885 293 2957; x_wconf 93' lang='lat' dir='ltr'><strong>ille</strong></span> <span class='ocrx_word' id='word_1_131' title='bbox 312 2892 436 2969; x_wconf 78' lang='grc' dir='ltr'>πολλοὺς</span> <span class='ocrx_word' id='word_1_132' title='bbox 460 2892 626 2983; x_wconf 59' lang='lat' dir='ltr'><strong>§captasses</strong></span> <span class='ocrx_word' id='word_1_133' title='bbox 645 2893 751 2979; x_wconf 91' lang='lat' dir='ltr'><strong>atque</strong></span> <span class='ocrx_word' id='word_1_134' title='bbox 780 2887 825 2956; x_wconf 91' lang='lat' dir='ltr'><strong>ad</strong></span> <span class='ocrx_word' id='word_1_135' title='bbox 849 2886 986 2984; x_wconf 71' lang='lat' dir='ltr'><strong>Lonpos</strong></span> <span class='ocrx_word' id='word_1_136' title='bbox 1002 2907 1126 2961; x_wconf 55' lang='lat' dir='ltr'><strong>*muros</strong></span> <span class='ocrx_word' id='word_1_137' title='bbox 1144 2889 1276 2960; x_wconf 85' lang='lat' dir='ltr'><strong>direxit</strong></span> <span class='ocrx_word' id='word_1_138' title='bbox 1296 2887 1363 2984; x_wconf 71' lang='grc' dir='ltr'><strong>(Δ).</strong></span> 
     </span>
     <span class='ocr_line' id='line_1_21' title="bbox 232 3007 1369 3108; baseline 0.004 -27"><span class='ocrx_word' id='word_1_139' title='bbox 232 3024 325 3106; x_wconf 73' lang='grc' dir='ltr'>Δῆμος</span> <span class='ocrx_word' id='word_1_140' title='bbox 339 3007 451 3101; x_wconf 82' lang='lat' dir='ltr'><strong>igitur</strong></span> <span class='ocrx_word' id='word_1_141' title='bbox 473 3008 605 3078; x_wconf 89' lang='lat' dir='ltr'><strong>militia</strong></span> <span class='ocrx_word' id='word_1_142' title='bbox 623 3016 720 3098; x_wconf 69' lang='lat' dir='ltr'><strong>eret,</strong></span> <span class='ocrx_word' id='word_1_143' title='bbox 752 3013 883 3107; x_wconf 74' lang='grc' dir='ltr'><strong>δημόται,</strong></span> <span class='ocrx_word' id='word_1_144' title='bbox 913 3011 1044 3083; x_wconf 89' lang='lat' dir='ltr'><strong>milites</strong></span> <span class='ocrx_word' id='word_1_145' title='bbox 1051 3035 1062 3102; x_wconf 79' lang='lat'>3</span> <span class='ocrx_word' id='word_1_146' title='bbox 1088 3014 1249 3108; x_wconf 79' lang='grc' dir='ltr'><em>δημοτεὺειν</em></span> <span class='ocrx_word' id='word_1_147' title='bbox 1275 3011 1369 3085; x_wconf 90' lang='lat' dir='ltr'><strong>mili·</strong></span> 
     </span>
     <span class='ocr_line' id='line_1_22' title="bbox 231 3130 1366 3228; baseline 0.006 -27"><span class='ocrx_word' id='word_1_148' title='bbox 231 3130 293 3204; x_wconf 82' lang='lat' dir='ltr'><strong>tiae</strong></span> <span class='ocrx_word' id='word_1_149' title='bbox 311 3130 521 3220; x_wconf 87' lang='lat' dir='ltr'><strong>adscribere,</strong></span> <span class='ocrx_word' id='word_1_150' title='bbox 545 3131 745 3222; x_wconf 88' lang='lat' dir='ltr'><strong>autetiam,</strong></span> <span class='ocrx_word' id='word_1_151' title='bbox 768 3141 810 3203; x_wconf 93' lang='lat' dir='ltr'><strong>ut</strong></span> <span class='ocrx_word' id='word_1_152' title='bbox 829 3133 866 3203; x_wconf 94' lang='lat' dir='ltr'><strong>in</strong></span> <span class='ocrx_word' id='word_1_153' title='bbox 881 3132 1039 3226; x_wconf 89' lang='lat' dir='ltr'><strong>subjecto</strong></span> <span class='ocrx_word' id='word_1_154' title='bbox 1060 3134 1262 3208; x_wconf 85' lang='lat' dir='ltr'><strong>Simooattae</strong></span> <span class='ocrx_word' id='word_1_155' title='bbox 1276 3136 1366 3228; x_wconf 91' lang='lat' dir='ltr'><strong>loco,</strong></span> 
     </span>
     <span class='ocr_line' id='line_1_23' title="bbox 230 3251 1095 3358; baseline 0 -32"><span class='ocrx_word' id='word_1_156' title='bbox 230 3253 392 3326; x_wconf 74' lang='lat' dir='ltr'><strong>militare.</strong></span> <span class='ocrx_word' id='word_1_157' title='bbox 959 3352 962 3358; x_wconf 17' lang='grc' dir='ltr'>Ι</span> <span class='ocrx_word' id='word_1_158' title='bbox 1090 3251 1095 3258; x_wconf 75' lang='grc'><em>“</em></span> 
     </span>
    </p>

    <p class='ocr_par' dir='ltr' id='par_1_7' title="bbox 232 3373 1397 3961">
     <span class='ocr_line' id='line_1_24' title="bbox 280 3373 1369 3476; baseline 0.006 -28"><span class='ocrx_word' id='word_1_159' title='bbox 280 3377 317 3448; x_wconf 75' lang='lat'><strong>(3⁰</strong></span> <span class='ocrx_word' id='word_1_160' title='bbox 335 3376 514 3448; x_wconf 86' lang='lat' dir='ltr'><strong>Narratur</strong></span> <span class='ocrx_word' id='word_1_161' title='bbox 546 3402 566 3449; x_wconf 89' lang='lat' dir='ltr'><strong>a</strong></span> <span class='ocrx_word' id='word_1_162' title='bbox 593 3373 787 3450; x_wconf 82' lang='lat' dir='ltr'><strong>Simocatta</strong></span> <span class='ocrx_word' id='word_1_163' title='bbox 813 3377 1042 3469; x_wconf 88' lang='lat' dir='ltr'><strong>Mauricium,</strong></span> <span class='ocrx_word' id='word_1_164' title='bbox 1075 3405 1184 3476; x_wconf 92' lang='lat' dir='ltr'><strong>quum</strong></span> <span class='ocrx_word' id='word_1_165' title='bbox 1213 3381 1369 3455; x_wconf 87' lang='lat' dir='ltr'><strong>Pbooam</strong></span> 
     </span>
     <span class='ocr_line' id='line_1_25' title="bbox 232 3498 1369 3594; baseline 0.007 -26"><span class='ocrx_word' id='word_1_166' title='bbox 232 3522 287 3569; x_wconf 88' lang='lat' dir='ltr'><strong>res</strong></span> <span class='ocrx_word' id='word_1_167' title='bbox 307 3521 418 3569; x_wconf 90' lang='lat' dir='ltr'><strong>novas</strong></span> <span class='ocrx_word' id='word_1_168' title='bbox 432 3498 551 3570; x_wconf 92' lang='lat' dir='ltr'><strong>moliri</strong></span> <span class='ocrx_word' id='word_1_169' title='bbox 566 3498 747 3588; x_wconf 88' lang='lat' dir='ltr'><strong>audiisset,</strong></span> <span class='ocrx_word' id='word_1_170' title='bbox 763 3507 967 3594; x_wconf 89' lang='lat' dir='ltr'><strong>utrumque,</strong></span> <span class='ocrx_word' id='word_1_171' title='bbox 986 3503 1163 3575; x_wconf 82' lang='lat' dir='ltr'><strong>Venatum</strong></span> <span class='ocrx_word' id='word_1_172' title='bbox 1179 3504 1313 3576; x_wconf 90' lang='lat' dir='ltr'><strong>scilicet</strong></span> <span class='ocrx_word' id='word_1_173' title='bbox 1329 3528 1369 3576; x_wconf 85' lang='lat' dir='ltr'><strong>ac</strong></span> 
     </span>
     <span class='ocr_line' id='line_1_26' title="bbox 233 3620 1371 3721; baseline 0.004 -28"><span class='ocrx_word' id='word_1_174' title='bbox 233 3620 436 3712; x_wconf 88' lang='lat' dir='ltr'><strong>Prasinum,</strong></span> <span class='ocrx_word' id='word_1_175' title='bbox 455 3621 688 3694; x_wconf 69' lang='lat' dir='ltr'><strong>Demarchum</strong></span> <span class='ocrx_word' id='word_1_176' title='bbox 708 3621 942 3711; x_wconf 86' lang='lat' dir='ltr'><strong>arcessivisse,</strong></span> <span class='ocrx_word' id='word_1_177' title='bbox 966 3623 1009 3695; x_wconf 87' lang='lat' dir='ltr'><strong>ab</strong></span> <span class='ocrx_word' id='word_1_178' title='bbox 1034 3625 1167 3720; x_wconf 89' lang='lat' dir='ltr'><strong>eisque,</strong></span> <span class='ocrx_word' id='word_1_179' title='bbox 1185 3626 1264 3721; x_wconf 90' lang='lat' dir='ltr'><strong>quis</strong></span> <span class='ocrx_word' id='word_1_180' title='bbox 1279 3626 1371 3700; x_wconf 88' lang='lat' dir='ltr'><strong>foret</strong></span> 
     </span>
     <span class='ocr_line' id='line_1_27' title="bbox 233 3745 1369 3841; baseline 0.001 -20"><span class='ocrx_word' id='word_1_181' title='bbox 233 3761 291 3821; x_wconf 85' lang='grc' dir='ltr'><strong>τῶν</strong></span> <span class='ocrx_word' id='word_1_182' title='bbox 324 3748 531 3841; x_wconf 75' lang='grc' dir='ltr'>δημοτεὺοντων</span> <span class='ocrx_word' id='word_1_183' title='bbox 567 3769 748 3834; x_wconf 76' lang='lat' dir='ltr'><strong>numeruS,</strong></span> <span class='ocrx_word' id='word_1_184' title='bbox 796 3745 978 3817; x_wconf 90' lang='lat' dir='ltr'><strong>subtiliter</strong></span> <span class='ocrx_word' id='word_1_185' title='bbox 1020 3756 1283 3841; x_wconf 85' lang='lat' dir='ltr'><strong>percontatum.</strong></span> <span class='ocrx_word' id='word_1_186' title='bbox 1325 3750 1369 3823; x_wconf 93' lang='lat' dir='ltr'><strong>ln</strong></span> 
     </span>
     <span class='ocr_line' id='line_1_28' title="bbox 233 3869 1397 3961; baseline 0.004 -20"><span class='ocrx_word' id='word_1_187' title='bbox 233 3869 407 3941; x_wconf 86' lang='lat' dir='ltr'><strong>laterculo</strong></span> <span class='ocrx_word' id='word_1_188' title='bbox 424 3876 542 3941; x_wconf 89' lang='lat' dir='ltr'><strong>autem</strong></span> <span class='ocrx_word' id='word_1_189' title='bbox 558 3869 788 3957; x_wconf 88' lang='lat' dir='ltr'><strong>Venetorum,</strong></span> <span class='ocrx_word' id='word_1_190' title='bbox 797 3889 907 3942; x_wconf 79' lang='lat' dir='ltr'><strong>occec</strong></span> <span class='ocrx_word' id='word_1_191' title='bbox 926 3870 1085 3961; x_wconf 90' lang='lat' dir='ltr'><strong>nomina,</strong></span> <span class='ocrx_word' id='word_1_192' title='bbox 1102 3870 1140 3943; x_wconf 91' lang='lat' dir='ltr'><strong>in</strong></span> <span class='ocrx_word' id='word_1_193' title='bbox 1150 3870 1370 3946; x_wconf 85' lang='lat' dir='ltr'><strong>chartaPra-</strong></span> <span class='ocrx_word' id='word_1_194' title='bbox 1395 3887 1397 3890; x_wconf 82' lang='grc'><strong>’</strong></span> 
     </span>
    </p>
   </div>
   <div class='ocr_carea' id='block_1_3' title="bbox 229 4077 1370 4625">
    <p class='ocr_par' dir='ltr' id='par_1_8' title="bbox 229 4077 1370 4354">
     <span class='ocr_line' id='line_1_29' title="bbox 270 4077 1370 4182; baseline 0 -18"><span class='ocrx_word' id='word_1_195' title='bbox 270 4109 306 4178; x_wconf 82' lang='lat' dir='ltr'><strong>(l)</strong></span> <span class='ocrx_word' id='word_1_196' title='bbox 321 4107 452 4180; x_wconf 87' lang='lat' dir='ltr'><strong>Theoph.</strong></span> <span class='ocrx_word' id='word_1_197' title='bbox 467 4123 503 4163; x_wconf 73' lang='lat' dir='ltr'><strong>a..</strong></span> <span class='ocrx_word' id='word_1_198' title='bbox 514 4105 594 4170; x_wconf 68' lang='lat'><strong>6024,</strong></span> <span class='ocrx_word' id='word_1_199' title='bbox 611 4121 640 4177; x_wconf 88' lang='lat' dir='ltr'><strong>p.</strong></span> <span class='ocrx_word' id='word_1_200' title='bbox 656 4077 802 4163; x_wconf 61' lang='lat' dir='ltr'><strong>madito</strong></span> <span class='ocrx_word' id='word_1_201' title='bbox 816 4099 843 4158; x_wconf 80' lang='grc' dir='ltr'><strong>δὲ</strong></span> <span class='ocrx_word' id='word_1_202' title='bbox 853 4101 899 4158; x_wconf 65' lang='grc' dir='ltr'><strong>’καί</strong></span> <span class='ocrx_word' id='word_1_203' title='bbox 912 4104 963 4158; x_wconf 80' lang='grc' dir='ltr'><strong>ἀπὸ</strong></span> <span class='ocrx_word' id='word_1_204' title='bbox 972 4103 1113 4161; x_wconf 65' lang='lat' dir='ltr'><strong>obstruens</strong></span> <span class='ocrx_word' id='word_1_205' title='bbox 1125 4107 1238 4182; x_wconf 71' lang='grc' dir='ltr'><strong>νεώτεροι</strong></span> <span class='ocrx_word' id='word_1_206' title='bbox 1252 4107 1370 4182; x_wconf 78' lang='grc' dir='ltr'><strong>Πρασίνοι</strong></span> 
     </span>
     <span class='ocr_line' id='line_1_30' title="bbox 229 4191 1369 4279; baseline -0.001 -26"><span class='ocrx_word' id='word_1_207' title='bbox 229 4199 354 4258; x_wconf 69' lang='grc' dir='ltr'>,διακόσιοι</span> <span class='ocrx_word' id='word_1_208' title='bbox 368 4203 511 4279; x_wconf 67' lang='lat' dir='ltr'><strong>lapsantem.</strong></span> <span class='ocrx_word' id='word_1_209' title='bbox 530 4224 559 4233; x_wconf 94' lang='lat'>-</span> <span class='ocrx_word' id='word_1_210' title='bbox 577 4195 676 4251; x_wconf 78' lang='lat' dir='ltr'><strong>coron.</strong></span> <span class='ocrx_word' id='word_1_211' title='bbox 693 4197 774 4250; x_wconf 86' lang='lat' dir='ltr'><strong>Pusc.</strong></span> <span class='ocrx_word' id='word_1_212' title='bbox 790 4209 818 4265; x_wconf 93' lang='lat' dir='ltr'><strong>p.</strong></span> <span class='ocrx_word' id='word_1_213' title='bbox 833 4191 895 4249; x_wconf 70' lang='lat'><strong>625.</strong></span> <span class='ocrx_word' id='word_1_214' title='bbox 912 4223 944 4234; x_wconf 92' lang='lat'><em>—</em></span> <span class='ocrx_word' id='word_1_215' title='bbox 958 4192 1130 4261; x_wconf 85' lang='lat' dir='ltr'><strong>Paneirolus,</strong></span> <span class='ocrx_word' id='word_1_216' title='bbox 1155 4197 1369 4266; x_wconf 71' lang='lat' dir='ltr'><strong>Notitiollipni·</strong></span> 
     </span>
     <span class='ocr_line' id='line_1_31' title="bbox 238 4291 443 4354; baseline 0.015 -11"><span class='ocrx_word' id='word_1_217' title='bbox 238 4293 338 4354; x_wconf 77' lang='lat' dir='ltr'><strong>toturn,</strong></span> <span class='ocrx_word' id='word_1_218' title='bbox 354 4307 381 4347; x_wconf 84' lang='lat' dir='ltr'><strong>e.</strong></span> <span class='ocrx_word' id='word_1_219' title='bbox 398 4291 443 4346; x_wconf 85' lang='lat'><strong>53.</strong></span> 
     </span>
    </p>

    <p class='ocr_par' dir='ltr' id='par_1_9' title="bbox 274 4380 1100 4456">
     <span class='ocr_line' id='line_1_32' title="bbox 274 4380 1100 4456; baseline -0.005 -19"><span class='ocrx_word' id='word_1_220' title='bbox 274 4386 451 4456; x_wconf 57' lang='grc' dir='ltr'>(Ἡφοροῡντες</span> <span class='ocrx_word' id='word_1_221' title='bbox 466 4381 551 4448; x_wconf 62' lang='lat' dir='ltr'><strong>Cnidos,</strong></span> <span class='ocrx_word' id='word_1_222' title='bbox 569 4385 734 4451; x_wconf 72' lang='lat' dir='ltr'><strong>Clvr.Posc.;</strong></span> <span class='ocrx_word' id='word_1_223' title='bbox 748 4415 781 4424; x_wconf 96' lang='lat'><em>-</em></span> <span class='ocrx_word' id='word_1_224' title='bbox 796 4380 939 4456; x_wconf 67' lang='lat' dir='ltr'><strong>lapsura,</strong></span> <span class='ocrx_word' id='word_1_225' title='bbox 971 4380 1100 4451; x_wconf 87' lang='lat' dir='ltr'><strong>Theoph.</strong></span> 
     </span>
    </p>

    <p class='ocr_par' dir='ltr' id='par_1_10' title="bbox 273 4471 564 4542">
     <span class='ocr_line' id='line_1_33' title="bbox 273 4471 564 4542; baseline -0.003 -14"><span class='ocrx_word' id='word_1_226' title='bbox 273 4471 308 4540; x_wconf 82' lang='lat'><strong>(3)</strong></span> <span class='ocrx_word' id='word_1_227' title='bbox 320 4471 445 4536; x_wconf 76' lang='lat' dir='ltr'><strong>MalulaS,</strong></span> <span class='ocrx_word' id='word_1_228' title='bbox 461 4489 487 4542; x_wconf 88' lang='lat' dir='ltr'><strong>p.</strong></span> <span class='ocrx_word' id='word_1_229' title='bbox 502 4471 564 4528; x_wconf 80' lang='lat'>351.</span> 
     </span>
    </p>

    <p class='ocr_par' dir='ltr' id='par_1_11' title="bbox 273 4554 561 4625">
     <span class='ocr_line' id='line_1_34' title="bbox 273 4554 561 4625; baseline 0 -14"><span class='ocrx_word' id='word_1_230' title='bbox 273 4556 310 4625; x_wconf 81' lang='lat'><strong>(4)</strong></span> <span class='ocrx_word' id='word_1_231' title='bbox 324 4554 443 4613; x_wconf 85' lang='lat' dir='ltr'><strong>Gedren.</strong></span> <span class='ocrx_word' id='word_1_232' title='bbox 458 4555 479 4621; x_wconf 87' lang='grc' dir='ltr'><strong>Ι,</strong></span> <span class='ocrx_word' id='word_1_233' title='bbox 498 4555 561 4612; x_wconf 81' lang='grc'><strong>678.</strong></span> 
     </span>
    </p>
   </div>
   <div class='ocr_carea' id='block_1_4' title="bbox 0 0 1838 5660">
    <p class='ocr_par' dir='ltr' id='par_1_12' title="bbox 0 0 1838 5660">
     <span class='ocr_line' id='line_1_35' title="bbox 0 0 1838 5660; baseline 0 0"><span class='ocrx_word' id='word_1_234' title='bbox 0 0 1838 5660; x_wconf 95' lang='lat' dir='ltr'><strong> </strong></span> 
     </span>
    </p>
   </div>
  </div>
 </body>
</html>
