3630 5660
457 574 505 644 32
741 591 788 643 un
814 591 1045 644 omoeusmus
1070 592 1314 646 scamoniam.

456 728 567 813 taque
585 717 730 807 militia,
759 719 975 791 mentionem
995 720 1133 808 faciunt
1156 721 1202 817 (1)
1225 744 1233 791 :
1256 719 1360 814 quasi
1388 718 1485 814 apud
1512 719 1588 814 ple-

456 843 537 914 bem
555 841 809 938 Byzantium,
831 843 942 914 etiam
960 851 1040 937 post
1058 867 1221 938 eversum
1251 841 1459 937 Imperium,
1482 843 1589 915 terri-

457 965 542 1037 bilis
558 981 615 1039 τῶν
630 982 725 1064 μερῶν
737 963 835 1037 fama
853 965 1114 1059 perduraverit.
1137 964 1239 1039 Adde
1266 987 1310 1037 ex
1330 963 1481 1037 diversis
1506 989 1589 1037 auo-

457 1087 596 1159 toribus
614 1085 775 1179 subjecta
793 1088 895 1160 loca:

513 1218 545 1280 1⁰
564 1211 640 1282 Mos
659 1217 713 1282 est
726 1209 850 1284 civicae
869 1210 1017 1282 cuilibet
1034 1189 1177 1284 militiae
1189 1211 1422 1284 castrensium
1433 1212 1592 1284 militum

458 1357 571 1406 mores
593 1359 634 1408 ac
659 1334 753 1406 vitia
771 1335 880 1406 etiam
904 1341 941 1406 et
960 1334 1158 1406 deridicula
1174 1335 1349 1408 aemulari.
1374 1335 1432 1409 Sic
1449 1337 1592 1432 Byzan-

459 1457 529 1528 tini
547 1463 666 1556 δημὸται
686 1457 920 1527 barbarorum
939 1455 1204 1548 foederatorum,
1231 1459 1420 1531 Persarum
1438 1459 1591 1530 Hunno-

459 1603 609 1674 rumque
626 1586 753 1671 vestes,
776 1602 924 1667 comam,
946 1578 1146 1674 ingressum
1161 1579 1430 1678 imitabantur(
1456 1580 1485 1678 ).

510 1709 545 1772 2⁰
564 1701 695 1774 Eodem
712 1709 870 1796 tempore
889 1724 958 1794 quo
979 1700 1127 1772 cuilibet
1147 1701 1217 1772 civi
1238 1703 1346 1774 armis
1363 1702 1593 1775 interdictum

460 1833 549 1916 erat,
570 1825 713 1897 Prasini
748 1849 789 1896 ac
813 1824 955 1916 Veneti,
988 1832 1129 1895 utnon
1156 1822 1234 1917 jam
1267 1827 1374 1917 cirea,
1409 1850 1473 1920 per
1493 1827 1595 1898 urbis

460 1950 629 2044 compita,
648 1971 721 2020 non
740 1949 890 2038 occulte,
906 1948 967 2020 sed
987 1955 1108 2043 aperte
1141 1951 1283 2039 armati,
1304 1952 1592 2045 ‘grassabantum

461 2097 525 2170 per
544 2082 707 2171 συμμορίας
735 2070 841 2167 (quod
866 2072 1016 2142 verbum
1035 2071 1183 2144 tacticos
1207 2073 1318 2144 libros
1336 2082 1372 2146 et
1401 2072 1595 2146 militarem

461 2219 656 2270 sermonem
664 2193 810 2291 redolet)
823 2194 1133 2288 congregabantur
1141 2194 1207 2292 (3).
1225 2196 1326 2268 Teste
1336 2196 1486 2287 Malaia,
1501 2220 1595 2268 anno

438 2319 546 2417 559,
576 2318 717 2408 Veneti,
740 2316 897 2410 subjecto
926 2318 1212 2389 armamentariis
1243 2318 1421 2411 incendio,
1455 2319 1484 2391 si
1515 2318 1596 2414 quis

463 2467 593 2538 aquam
620 2442 742 2531 ferret,
767 2441 899 2536 jaculis
928 2441 1151 2536 repellebant
1175 2441 1221 2539 (4)
1234 2466 1244 2532 ;
1273 2443 1395 2514 eodem
1429 2466 1536 2534 anno,
1556 2442 1595 2514 in

462 2566 645 2654 Picta-niis,
672 2557 799 2662 plantis
822 2571 858 2635 et
881 2565 984 2659 quasi
1003 2563 1102 2657 justo
1132 2565 1249 2642 Marte
1280 2563 1439 2652 intense
1469 2587 1597 2636 manus

466 2690 698 2762 conserebant
722 2686 789 2784 (5).
819 2687 918 2758 Idem
936 2693 1090 2757 testatur
1122 2685 1354 2779 Theophanes
1376 2686 1593 2776 deveneris,

464 2818 638 2908 regnante
649 2809 853 2900 Anastasio,
875 2809 1042 2881 Prasinos
1061 2808 1358 2881 obtruncantibus
1379 2808 1446 2908 (6).
1525 2811 1527 2817 ’
1577 2824 1583 2834 ’

514 2935 552 3006 3⁰
573 2934 611 3007 Si
636 2934 679 3005 de
706 2921 845 3004 civibus
874 2939 1017 3005 tantum
1043 2931 1192 3005 fortuito
1223 2933 1382 3024 armatis,
1419 2956 1598 3006 armorum

467 3081 571 3130 usum
589 3057 842 3145 nescientibus,
869 3063 1043 3150 ageretur,
1067 3080 1138 3127 non
1165 3057 1363 3151 potuissent
1382 3054 1537 3147 demota,
1558 3057 1598 3128 in

468 3182 607 3276 magnis
630 3182 705 3254 illis
725 3180 942 3253 circensibus
965 3180 1113 3274 praeliis,
1141 3187 1217 3252 tam
1248 3181 1404 3254 animose
1431 3205 1472 3254 ao
1494 3180 1599 3275 perti·
1646 3232 1649 3240 -

468 3306 603 3378 naciter
628 3303 869 3398 imperialium
901 3301 1070 3394 militum,
1107 3302 1315 3376 selectorum
1349 3304 1596 3393 barbarorum,

467 3427 594 3526 optimi
602 3425 774 3521 cujusque
788 3433 1051 3517 veteranorum,
1064 3427 1237 3523 impetum
1251 3427 1425 3500 sustinere
1437 3427 1504 3526 (7).
1522 3427 1601 3501 Sus-

466 3554 633 3626 tinebant
645 3558 766 3623 tamen
782 3574 790 3623 ε
814 3549 989 3622 militibus
1008 3550 1105 3621 enim
1118 3549 1250 3622 milites
1269 3574 1342 3622 sese
1359 3552 1597 3645 opponebant.
1713 3636 1716 3644 ¹

517 3678 560 3749 ln
586 3674 758 3748 seditione
789 3696 896 3768 quam
924 3665 1021 3746 Nilo
1055 3679 1288 3764 vocaverunt,
1324 3671 1430 3744 multi
1454 3673 1598 3763 Veneti,

504 3899 540 3968 (1)
554 3898 775 3962 Constantinics,
787 3911 811 3952 c.
835 3895 878 3963 13,
896 3912 924 3968 p.
951 3893 985 3950 72
1001 3910 1007 3951 :
1021 3887 1045 3946 oi
1058 3889 1155 3967 poirpal
1169 3885 1255 3947 ἰκιῖνοι
1269 3888 1311 3946 καὶ
1322 3885 1477 3964 ταραχώδεις
1490 3889 1599 3946 calcuu-

467 3987 544 4064 φόροι.
556 3994 716 4063 Byzantion,
744 3985 1015 4063 Κωνσταντινὸπουλις,
1034 3996 1054 4044 t.
1071 3989 1092 4060 1,
1106 4005 1135 4060 p.
1156 3985 1233 4044 2⁶29:
1258 4009 1270 4037 e
1290 3979 1601 4060 Hippcdromensesilli

467 4076 633 4132 lenitchari.
650 4098 663 4127 a

504 4157 541 4228 (2)
555 4157 634 4214 Proc.
646 4157 751 4212 Ancon.
767 4171 792 4212 a.
807 4157 833 4212 7.

456 4271 461 4294 1
504 4244 541 4313 (3)
554 4243 632 4300 Proo.
648 4245 722 4300 Ibin.

504 4341 540 4408 (1)
553 4334 677 4406 Malalas,
688 4351 717 4407 p.
730 4332 778 4388 191
800 4331 954 4400 :trebrium

424 4413 427 4418 Ι
505 4433 541 4500 (5)
565 4432 637 4487 Ibid.
664 4446 693 4502 p.
718 4427 1024 4504 1921ξ1ρῶνσυρὲντων.

506 4522 683 4594 (6)Τ1ιθορ11.
702 4539 728 4578 a.
746 4522 826 4590 60¹2,
840 4541 869 4597 p.
882 4524 944 4581 257:
961 4517 1062 4598 ἔσφαζον
1076 4527 1127 4585 τοῖς
1142 4522 1229 4597 ξίφεσι.

506 4610 542 4676 (7)
554 4607 682 4686 Exempli
695 4607 793 4680 gratio,
810 4609 849 4667 cf.
864 4609 1006 4677 Malalam,
1021 4627 1049 4683 p.
1066 4610 1127 4666 191.
