3630 5658
432 491 477 564 56
701 517 747 566 nn
773 515 1002 568 ornonnsmus
1028 513 1271 566 nac‘rroumos.

478 639 545 710 Sed
577 640 712 710 frustra
730 638 894 733 princeps
921 637 1044 710 eadem
1083 637 1272 709 severitate
1307 639 1345 710 in
1371 646 1559 734 utramque

421 767 566 856 *partem
597 759 791 831 saeviebat:
828 757 1099 831 immedicabilis
1128 758 1363 849 turbulentia,
1402 760 1560 855 inexpia-

422 883 512 955 bilia
532 900 588 958 τῶν
600 900 694 980 μερῶν
711 882 806 954 inter
826 906 861 954 se
880 881 962 954 odia
994 881 1225 953 videbantur.
1253 882 1303 954 Ut
1324 882 1456 956 feroces
1482 885 1559 957 ille

427 1006 568 1096 belluae,
597 1031 676 1101 quae
709 1006 877 1101 quamvis
903 1003 1054 1099 captivae
1092 1011 1198 1099 atque
1233 1012 1406 1077 catenatae
1434 1015 1558 1078 mutuo

426 1152 544 1200 morsu
555 1153 590 1200 se
601 1129 756 1230 invicem
766 1129 938 1215 lacerant,
951 1127 1341 1199 etfrustraverberibus
1351 1129 1560 1224 ardentique

425 1249 515 1322 ferro
533 1251 675 1346 acrique
684 1249 832 1321 dolorea
847 1247 1052 1320 custodibus
1073 1247 1256 1339 adhibitis,
1278 1249 1368 1320 nihil
1389 1250 1559 1324 defurore

424 1373 633 1462 remittunt,
647 1372 845 1467 sedpotius,
858 1373 901 1443 ab
918 1370 1122 1442 hominibus
1130 1378 1270 1464 punctae
1287 1379 1393 1466 atqua
1407 1381 1555 1463 exustae,

426 1495 586 1567 vulneris
605 1501 641 1566 et
665 1494 797 1566 doloris
817 1493 1003 1565 inimicum
1025 1494 1167 1564 dentem
1193 1502 1410 1583 accusantes,
1431 1495 1559 1588 majori

428 1619 537 1695 etiam
560 1619 639 1712 odio
659 1643 732 1691 sese
757 1619 959 1706 dilaniant,
979 1617 1033 1689 ita
1055 1617 1240 1706 factiones,
1265 1619 1308 1688 ab
1342 1619 1559 1714 Imperatore

427 1742 617 1814 saevissime
636 1743 833 1831 mulctatae,
857 1764 928 1811 non
947 1741 986 1811 in
1004 1741 1271 1835 Imperatorem,
1280 1741 1341 1812 sed
1357 1741 1395 1812 in
1416 1766 1451 1813 se
1469 1743 1560 1814 invi-

427 1888 501 1936 cem
515 1864 680 1935 rediviva
696 1863 854 1935 amentia
867 1863 1048 1934 furebant.
1064 1863 1195 1934 Eodem
1207 1863 1302 1935 enim
1310 1887 1427 1936 mense
1437 1865 1552 1962 (559),

428 2011 497 2082 quo
518 1987 711 2082 Byzantini
735 1986 896 2058 seditiosi·
917 2009 1039 2080 poenas
1065 1985 1204 2075 dedere,
1235 2009 1357 2058 rursus
1377 1989 1560 2060 commisso

426 2109 465 2182 in
474 2109 600 2206 Cyzico
618 2109 776 2205 partium
790 2085 996 2198 certamine,
1013 2107 1119 2179 multi
1137 2109 1307 2203 utrinque
1322 2109 1498 2206 cecidere(
1529 2111 1555 2206 l.
1590 2100 1595 2104 ’

475 2233 580 2306 Anno
608 2230 673 2304 tor
699 2256 770 2304 non
785 2230 862 2323 jam
881 2231 1010 2304 Veneti
1022 2231 1061 2302 in
1079 2231 1259 2320 Prasincs,
1283 2232 1391 2303 sedin
1406 2235 1560 2305 Venetos

427 2355 581 2444 Prasini,
596 2354 692 2426 ultro
711 2353 933 2444 lacessentes
945 2345 1098 2425 irruere.
1115 2355 1263 2426 Frustra
1276 2357 1472 2449 Imperator
1486 2357 1561 2450 ipse

428 2479 466 2551 in
487 2477 672 2551 Cathisma
693 2478 852 2550 ascendit
869 2485 912 2548 ut
931 2477 1136 2572 praeliantes
1149 2477 1188 2548 in
1207 2479 1449 2574 Hippodromo
1469 2477 1564 2548 vide-
1656 2457 1663 2472 ’

428 2609 496 2688 ret,
527 2601 747 2695 coercerique
766 2600 943 2693 juberet:
979 2601 1114 2672 frustra
1138 2601 1370 2672 Excubitores
1399 2624 1561 2694 pugnam

358 2703 365 2710 ’
427 2722 592 2795 dirimere
625 2721 744 2793 conati
756 2744 766 2809 ;
802 2720 979 2791 mordicus
1011 2743 1083 2792 sese
1114 2721 1267 2792 invicem
1314 2722 1562 2817 discerpebant

425 2845 567 2919 factiosi
610 2869 686 2935 nec,
722 2868 742 2916 a
779 2844 893 2915 milite
928 2844 1120 2934 verberati,
1166 2844 1288 2916 dentes
1333 2846 1558 2934 relaxabant,

428 2970 630 3064 initumque
664 2968 703 3039 in
726 2966 969 3062 Hippodromo
1009 2967 1172 3060 praelium
1196 2991 1258 3061 per
1289 2975 1402 3038 totam
1429 2970 1562 3039 urbem

394 3085 397 3090 ’
429 3115 684 3188 propagavere.
702 3092 920 3164 Venetorum
941 3116 958 3158 c
975 3090 1145 3184 gitoniae»
1169 3097 1331 3160 vastatae.
1345 3091 1557 3184 Imperator,
1597 3115 1602 3125 ‘

429 3214 671 3285 misericordia
698 3213 838 3301 omissa,
871 3212 1054 3283 seditiosos
1086 3211 1206 3307 puniit
1212 3236 1222 3301 ;
1243 3212 1409 3283 Prasinos
1435 3214 1496 3307 qui
1517 3214 1562 3284 ad

430 3335 599 3408 Sanctam
618 3335 854 3428 Euphemiam
879 3333 1115 3428 confugerant
1134 3335 1224 3429 eripi
1250 3334 1371 3426 jussit,
1394 3335 1562 3428 conjuges

430 3465 466 3530 et
498 3464 629 3529 matres
675 3480 797 3529 eorum
842 3456 1119 3529 misericordiam
1155 3459 1387 3553 implorantes
1424 3459 1563 3529 baculis

429 3581 568 3676 repelli,
604 3588 721 3652 sontes
753 3579 864 3652 variis
895 3581 1082 3653 tormentis
1116 3581 1219 3652 affici.
1246 3582 1301 3652 Ab
1324 3579 1486 3654 Octobris
1505 3581 1562 3652 die

431 3682 638 3777 duodecima
666 3725 778 3797 usque
808 3702 853 3773 ad
872 3701 1006 3774 Christi
1025 3701 1195 3774 natalitia
1215 3725 1287 3772 non
1306 3701 1470 3795 placatus
1490 3703 1561 3772 Irn-

429 3834 583 3921 perator.
605 3827 664 3913 ¹Et
690 3849 800 3920 quum
830 3826 971 3898 Prasini
996 3825 1035 3896 in
1061 3827 1247 3896 adversam
1272 3831 1409 3918 partem
1439 3831 1562 3918 sponte

428 3948 628 4046 irruissent,
650 3971 830 4043 quumque
847 3948 997 4043 primam
1017 3948 1055 4018 in
1071 3946 1243 4018 seditione
1262 3969 1448 4042 personam
1463 3946 1562 4017 tulis-

428 4077 519 4160 sent,
541 4069 728 4160 Prasinam
751 4070 948 4165 Imperator
973 4071 1177 4158 factionem,
1201 4094 1272 4142 non
1298 4077 1340 4141 ut
1358 4069 1557 4157 Prasinam,

429 4193 489 4266 sed
509 4201 551 4266 ut
568 4193 784 4284 seditiosam,
803 4193 885 4286 jure
905 4193 1099 4287 castigavit
1123 4192 1133 4287 l
1158 4194 1186 4287 l.

465 4364 501 4432 (l)
515 4361 579 4418 Mal.
606 4379 634 4434 p.
654 4361 715 4418 lat.

369 4545 370 4548 Ἴ
464 4459 499 4528 (b)
514 4459 642 4531 Theoph.
672 4475 698 4516 a.
714 4457 794 4528 6054,
808 4473 835 4528 p.
854 4457 913 4513 ttl.
