3630 5658
676 895 955 974 CONOLUSIO.

299 1117 402 1205 Quod
435 1119 465 1194 si
495 1118 693 1194 factionum
725 1119 881 1193 dissidiis
909 1125 946 1192 et
962 1117 1119 1214 politicae
1137 1124 1174 1191 et
1209 1115 1383 1212 religiosa

248 1264 362 1313 causae
394 1243 599 1334 defuerunt,
626 1266 769 1342 necesse
801 1249 855 1314 est
887 1241 995 1314 fateri
1021 1242 1135 1314 tantis
1165 1240 1382 1313 tumultibus

248 1365 341 1438 nihil
360 1366 430 1439 nisi
449 1367 608 1440 omnium
640 1365 879 1464 futilissimas,
902 1365 1064 1466 bippicas
1087 1364 1235 1454 scilicet,
1258 1387 1383 1437 causas

250 1489 437 1562 exstitisse.

297 1611 335 1686 Si
348 1612 541 1708 Procopius
571 1611 718 1686 auditur
746 1611 840 1684 nihil
871 1611 942 1684 nisi
973 1619 1115 1687 cretus
1147 1612 1290 1685 insania
1308 1638 1326 1682 a
1346 1621 1383 1685 et

246 1747 346 1834 ψυχῆς
362 1741 472 1834 νόσημα
502 1742 593 1826 erat,
620 1756 728 1829 equa
759 1731 954 1806 nomenatus
974 1742 1011 1807 et
1039 1732 1206 1808 coloribus
1224 1734 1298 1808 illis
1329 1734 1383 1807 ita

249 1867 333 1930 sunt
365 1858 476 1930 dediti
493 1854 701 1955 Byzantini,
724 1862 906 1927 uteorum
924 1856 1043 1951 gratia
1057 1855 1222 1930 fortunas
1238 1855 1383 1953 profun·
1443 1901 1448 1912 ·

250 1979 341 2051 dant
351 2037 362 2071 ,
391 2004 538 2077 corpora
577 1977 797 2053 cruciatibus
835 1979 1069 2054 acerbissimis
1114 1980 1282 2072 offerant,
1318 2005 1383 2054 nec

248 2088 396 2177 mortem
419 2105 607 2201 defugiant
635 2104 694 2177 vel
714 2102 970 2198 turpissimam.
992 2130 1009 2173 a
1033 2147 1080 2162 -
1109 2103 1234 2177 «Cum
1255 2103 1382 2178 adver-

248 2226 353 2300 sariis
379 2228 637 2323 digladiantur,
660 2225 778 2323 apocri
792 2249 902 2299 cousoe
919 2251 982 2300 cur
1006 2226 1046 2298 in
1070 2226 1268 2322 periculum
1286 2250 1321 2298 se
1342 2248 1384 2298 ac

249 2348 513 2436 dimicationem
532 2349 725 2442 conjiciant
729 2403 835 2422 .......
858 2349 956 2422 Illud
975 2373 1038 2446 ego
1058 2348 1178 2422 verius
1207 2372 1382 2445 nequeam

250 2470 433 2565 appellare
452 2493 560 2564 quam
578 2469 688 2542 uncini
701 2469 857 2543 morbum
870 2493 1066 2569 merumque
1083 2470 1253 2544 insoniam
1274 2470 1342 2568 (1).
1360 2498 1377 2538 o

296 2591 392 2677 Quid
431 2591 636 2686 Agathios?
672 2590 871 2664 factionum
908 2593 1109 2666 simultates
1147 2594 1279 2666 «nihil
1312 2593 1383 2666 nisi

246 2712 411 2784 insanam
431 2723 496 2812 περὶ
513 2722 551 2788 τὰ
563 2722 712 2812 χρώματα
728 2728 820 2813 ἔριν»
843 2713 951 2788 fuisse
973 2715 1128 2789 affirmat
1148 2716 1215 2815 (2).
1241 2744 1258 2787 a
1279 2716 1381 2790 Otio-

249 2856 323 2906 sam
350 2842 491 2907 tantum
511 2834 754 2928 juventutem,
788 2860 865 2933 quae
891 2838 929 2909 in
951 2836 1085 2932 'potiore
1106 2839 1229 2936 aliqua
1252 2863 1289 2911 re
1310 2861 1381 2911 non

249 2965 449 3053 occupetur,
470 2958 509 3030 in
528 2958 604 3031 haec
621 2959 771 3032 colorum
791 2960 989 3032 certamina
1006 2983 1152 3057 vergere
1173 2960 1241 3058 (3).
1266 2985 1284 3029 n

385 3160 399 3192 ι
415 3131 460 3200 De
474 3130 602 3200 Prasino
619 3131 747 3201 convivo
763 3153 866 3214 meus,
884 3132 1065 3224 venetoque
1080 3133 1250 3222 loquatur:

425 3273 438 3304 ι
454 3243 518 3314 Nec
533 3243 646 3313 facient
659 3265 847 3334 quemquam
859 3245 973 3334 pocula
988 3256 1095 3314 nostru
1110 3266 1202 3315 reum
1219 3276 1232 3306 ι

290 3408 472 3481 Martialis
498 3408 561 3480 ait.
585 3408 770 3482 Coloribus
788 3410 921 3502 favere,
943 3411 982 3484 in
1001 3411 1110 3507 hujus
1128 3419 1245 3504 aetate,
1268 3413 1378 3487 ludus

245 3540 333 3622 erat,
362 3540 399 3604 et
418 3554 592 3627 quemque
625 3555 647 3603 a
679 3533 879 3628 periculosa
909 3536 1130 3631 negotiorum
1153 3537 1377 3631 publicorum
1437 3631 1441 3636 Ι

245 3678 330 3728 cura
348 3654 539 3728 salubriter
553 3653 759 3738 avertebat.
789 3659 839 3730 nt
855 3658 1139 3754 periculosiorem
1158 3658 1244 3754 ipsis
1272 3639 1376 3754 nego·

237 3777 304 3849 ‚tiis
322 3778 448 3851 ludum
465 3777 670 3873 Byzantina
689 3780 870 3852 dementia
888 3781 1015 3853 effecit.

291 3899 354 3973 Sin
398 3895 517 3972 autem
562 3898 769 3994 inquiratur
801 3900 932 3996 quibus
962 3900 1233 3998 magistratibus
1268 3911 1376 4002 atque

216 4065 218 4070 ·
242 4021 453 4094 officialibus
484 4017 655 4116 cujusque
681 4020 848 4094 factionis
866 4033 884 4104 ἡ
902 4028 981 4110 taire
1004 4025 1082 4098 sive
1103 4023 1257 4098 officium
1275 4051 1376 4101 cons-

241 4144 370 4235 titerit,
392 4150 428 4246 et
445 4143 558 4215 multo
577 4143 697 4237 plures
716 4144 825 4218 fuisse
845 4146 908 4242 qui
928 4147 973 4218 ad
992 4146 1274 4242 Hippodromum
1293 4158 1375 4223 tan-

278 4376 315 4446 (1)
328 4376 406 4432 Proc.
418 4379 492 4432 Pers.
507 4376 528 4438 Ι.
546 4376 588 4443 17,
604 4375 650 4434 al.
666 4409 696 4421 -
712 4379 741 4434 F.
756 4379 839 4436 Dalm
854 4382 1028 4453 :Procopius
1046 4397 1102 4439 oon
1114 4384 1250 4453 Cesarea,
1267 4398 1296 4455 p.
1312 4381 1374 4443 tit.

278 4459 315 4527 (ἲ)
328 4459 429 4530 Agath.
444 4457 489 4519 lv.
510 4459 552 4529 14,
568 4476 597 4533 p.
614 4459 677 4520 307.

276 4541 313 4611 (3)
325 4542 398 4598 ibid.
411 4540 457 4611 lV,
471 4541 517 4601 21.
530 4558 558 4615 p.
575 4541 636 4600 325.
